2952 3777
351 422 420 480 „it
442 422 613 467 elatnor
640 420 699 465 ad
725 421 814 464 alta
842 421 1043 464 Atria-‘⁶
1098 419 1212 475 ΧΠ,
1240 421 1564 478 474:*„pinnis
1591 421 1680 465 alta
1713 420 1826 466 atria
1853 420 2012 465 lustrat
2039 420 2242 466 hirundo.
2270 448 2328 458 —
2355 417 2440 481 vl,
2459 425 2538 468 41:

352 489 578 547 „Teucros
612 494 743 533 voeat
777 487 869 531 alta
900 487 948 531 in
982 488 1181 545 templa
1208 488 1464 535 sacerdosfl.
1518 489 1581 545 Π,
1601 490 1705 535 225:
1739 490 1838 544 „At
1871 489 2039 547 gemini
2072 488 2201 547 lapsu
2228 489 2452 538 delubra
2477 490 2538 537 ad

352 570 522 604 summa
548 556 761 601 dracones
791 554 1072 613 Effugianau
1106 554 1164 598 ad
1194 555 1473 602 altitudinem
1501 562 1580 601 aut
1606 555 1759 613 templi
1788 562 1870 599 aut
1897 556 2059 601 montis
2086 556 2133 600 in
2161 572 2252 613 qno
2278 559 2413 603 sitnm
2440 566 2538 604 erat

349 625 563 683 templum
591 622 848 668 referendus
883 629 956 666 est
978 622 1176 680 pluralis.
1234 619 1569 668 Observandum
1598 637 1725 679 varo,
1759 623 1933 680 saepius
1967 623 2025 667 ad
2054 624 2377 671 substantivum
2411 639 2537 671 aeos-

351 691 456 736 dere
484 691 752 748 adjectivum
770 690 964 747 aliquod,
993 690 1123 746 quale
1152 690 1269 735 altus
1296 704 1492 739 summus
1519 691 1676 747 eelsm,
1701 689 1869 748 quippe
1892 690 2016 747 quod
2045 694 2334 747 quantitatem
2352 705 2535 738 aecum·

350 760 465 802 tiore
491 758 622 802 modo
644 760 737 816 jam
765 757 989 815 designet,
1020 767 1071 799 ut
1096 773 1303 802 numerus
1331 757 1536 816 augendo
1565 758 1784 816 adJeefivo
1807 757 2018 801 inserviat
2044 765 2228 802 tantum.
2285 763 2358 805 Ae
2383 762 2533 806 neseio

351 842 407 871 an
434 832 480 870 et
507 840 678 872 summo
706 824 923 881 adjectivo
952 824 1159 868 eflectum
1189 825 1248 869 sit
1277 824 1400 882 quod
1430 824 1594 884 legitur
1622 825 1685 881 X,
1696 826 1803 869 476:
1832 824 1950 880 „ma
1977 825 2129 870 volans
2148 825 2318 870 humeri
2344 836 2534 885 surgunt

336 908 441 950 ‚qua
468 894 705 951 tegmina
735 905 935 935 summa
961 891 1156 934 Incidit“
1186 899 1231 935 et
1258 892 1422 949 insigni
1449 892 1663 936 vocabulo
1690 892 1804 936 illud
1831 892 1954 949 quod
1983 899 2050 937 est
2077 892 2141 947 X,
2162 895 2237 938 21:
2267 893 2455 950 „Cernis
2483 902 2536 938 ut

349 960 561 1004 insultent
587 958 744 1003 Rutuli
773 957 1038 1015 Turnusque
1065 959 1232 1003 feratur
1258 958 1348 1003 Per
1367 959 1534 1004 medios
1561 959 1793 1018 insignis
1822 960 2022 1016 equis‚“
2049 960 2087 1004 si
2106 959 2238 1004 modo
2266 961 2439 1020 integer
2467 969 2536 1006 est

349 1043 516 1073 versus.
531 1053 587 1062 —
602 1026 665 1081 ΙΙ,
678 1027 783 1070 483:
814 1028 1042 1082 „Apparet
1062 1026 1217 1071 domus
1243 1027 1363 1072 intus
1383 1034 1428 1071 et
1447 1027 1590 1071 atria
1618 1028 1775 1084 longa
1792 1031 2067 1082 patescunt.“
2095 1026 2183 1071 ov.
2198 1028 2307 1071 Met.
2323 1028 2409 1083 IV,
2427 1029 2533 1073 763:

350 1094 584 1152 „reseratis
613 1107 747 1136 aurea
774 1092 912 1136 valvis
931 1092 1061 1136 Atria
1086 1099 1180 1137 tota
1208 1098 1406 1150 patent.“
1450 1094 1508 1137 A„
1524 1092 1589 1149 ΙΙ,
1605 1094 1707 1138 5282
1737 1109 1851 1150 „per
1877 1093 2018 1139 hostis
2044 1094 2366 1140 Portioibus
2386 1095 2531 1153 longis

348 1162 508 1220 fugit.“
527 1186 584 1195 —
603 1159 642 1214 Ι,
657 1160 763 1203 427:
783 1159 915 1214 „hine
937 1159 1050 1203 lata
1070 1160 1123 1203 th
1133 1161 1292 1205 eatris
1308 1160 1609 1205 Fundamenta
1624 1165 1780 1218 petunt
1794 1161 1899 1203 alii“
1912 1161 2098 1219 (Ribb.).
2113 1188 2169 1195 —
2183 1161 2268 1217 VI,
2286 1164 2358 1206 19:
2378 1162 2530 1218 „Red-

349 1229 471 1273 ditus
506 1228 573 1273 his
602 1228 789 1285 primum
811 1228 941 1271 terris
963 1227 1058 1283 tibi,
1094 1227 1286 1284 Phoebe,
1319 1229 1510 1273 sacravit
1539 1228 1788 1286 Remigium
1822 1228 1987 1271 alarum
2016 1230 2255 1285 posuitque
2286 1231 2531 1274 immania

348 1297 588 1353 templa.“
632 1296 723 1350 ΠΙ,
740 1297 816 1339 84:
838 1295 1053 1351 „Templa
1073 1294 1144 1338 dei
1167 1311 1272 1340 saxo
1295 1296 1535 1339 venerabar
1555 1302 1720 1340 structa
1740 1299 1960 1338 vetusto.“
2002 1296 2083 1352 VI,
2105 1297 2210 1340 840:
2236 1295 2401 1351 „Ultus
2423 1311 2531 1342 avos

347 1364 507 1407 Troiae
519 1364 683 1420 templa
700 1370 743 1407 et
757 1369 971 1406 temerata
986 1362 1259 1409 Minervae-ff
1287 1363 1419 1406 Haud
1435 1364 1564 1421 longe
1579 1363 1729 1407 abesse
1743 1362 1962 1405 interdum
1977 1364 2264 1420 quantitatem
2279 1379 2307 1407 a
2321 1364 2531 1420 qualitate

348 1450 403 1478 ex
438 1434 557 1477 hisee
592 1432 801 1487 exemplis
838 1444 1097 1487 cognoseas3
1141 1432 1335 1475 nascitur
1370 1431 1486 1474 enim
1524 1446 1577 1474 ex
1614 1430 1914 1488 magnitudine
1958 1431 2112 1488 templi
2148 1431 2270 1474 notio
2307 1433 2530 1490 magnifici

347 1501 486 1547 saneti
516 1500 819 1554 solennisque‚
843 1498 890 1540 id
920 1498 1040 1553 quod
1070 1497 1127 1540 ad
1158 1498 1361 1541 ultimum
1390 1498 1603 1555 imprimis
1628 1498 1772 1541 locum
1800 1498 2105 1555 gravissimum
2135 1506 2202 1543 est
2238 1507 2422 1557 propter
2447 1515 2529 1557 op-

347 1570 538 1627 positum
565 1566 830 1609 vocabulum
859 1565 978 1621 quod
1009 1572 1077 1607 est
1103 1572 1324 1607 temerata.
1353 1591 1410 1598 —
1438 1566 1499 1619 11,
1522 1567 1625 1607 445:
1655 1565 1970 1619 „Dardanidae
2004 1573 2158 1608 eontra
2192 1568 2326 1610 turris
2353 1581 2405 1609 ac
2434 1574 2529 1610 tota

347 1637 622 1680 domorum
653 1631 859 1676 Culmina
878 1632 1172 1675 convellunt.“
1192 1659 1247 1666 —
1269 1632 1426 1687 1,>7262
1455 1632 1529 1687 „It
1548 1633 1756 1688 strepitus
1783 1633 1950 1675 tectis
1980 1647 2221 1688 vocemque
2246 1649 2325 1690 per
2352 1634 2528 1690 ampla

347 1704 550 1749 volutant
592 1702 762 1745 Atria.“
819 1699 883 1755 ΙΙ,
912 1701 1015 1743 528:
1052 1715 1249 1756 „vacua
1286 1700 1396 1743 atria
1438 1700 1596 1744 lustrat
1631 1699 1862 1744 Saueius.“
1923 1699 2027 1755 VII,
2054 1702 2157 1743 379:
2193 1702 2352 1755 „turbo
2382 1700 2527 1755 Quem

346 1772 475 1830 pueri
505 1785 665 1828 magno
695 1769 741 1812 in
772 1784 885 1826 gyro
914 1783 1051 1811 vacua
1078 1767 1191 1812 atria
1217 1768 1380 1811 circum
1409 1767 1576 1811 Intenti
1605 1766 1710 1811 ludo
1740 1771 1984 1811 exercent.“
2004 1795 2059 1801 —
2080 1768 2212 1822 VIII,
2235 1770 2336 1812 137:
2365 1770 2528 1824 „Elec-

345 1847 458 1883 tram
489 1845 719 1881 maxum'us
749 1836 906 1879 Atlans
927 1835 1095 1890 Edidit,
1126 1835 1342 1897 aetherios
1361 1834 1543 1878 humero
1574 1835 1648 1891 qui
1673 1836 1859 1879 sustinet
1886 1835 2091 1890 orbes,“
2121 1836 2217 1878 vult
2244 1837 2355 1880 caeli
2374 1837 2526 1881 orbem

346 1906 540 1963 amplum
576 1910 622 1947 et
651 1904 908 1948 immensum
938 1909 1091 1960 poeta,
1126 1899 1448 1959 nequedubito
1484 1903 1593 1959 quin
1628 1902 1783 1947 eodem
1812 1902 1944 1946 modo
1982 1902 2285 1960 accipiendum
2313 1905 2373 1949 sit
2406 1905 2528 1960 quod

344 1974 566 2018 invenitur
594 1970 812 2025 1V‚·451:
849 1971 1028 2025 „taedet
1061 1971 1170 2014 caeli
1208 1984 1444 2019 convexa
1477 1970 1636 2026 tueri‚“
1669 1970 1784 2014 redit
1812 1969 1896 2024 VI,
1920 1970 2024 2013 241:
2053 1970 2185 2025 „talis
2224 1985 2322 2014 sese
2363 1971 2528 2016 halitus

345 2042 450 2084 atris
481 2040 712 2081 Faucibus
741 2038 966 2081 effundens
991 2052 1152 2093 supera
1187 2037 1245 2078 ad
1275 2051 1468 2080 convexa
1499 2038 1710 2092 ferebat,“
1739 2052 1877 2092 porro
1915 2038 2013 2080 750.
2040 2037 2104 2090 X,
2126 2038 2223 2079 251.
2243 2062 2298 2070 —
2319 2037 2528 2094 Denique

347 2108 403 2151 de
424 2105 659 2163 profundo.
695 2104 803 2158 VII,
818 2106 892 2146 91:
913 2112 1076 2160 „atque
1101 2104 1220 2146 imis
1242 2104 1495 2147 Acheronta
1514 2105 1688 2148 adfatur
1707 2105 1983 2148 Avernis.“
2009 2105 2070 2158 ΙΙ,
2087 2105 2191 2146 611:
2212 2104 2526 2162 „(Neptunus)

343 2174 646 2219 Fundamenta
675 2171 818 2228 quatit
851 2178 1084 2227 totamque
1112 2171 1334 2215 sedibus
1371 2171 1526 2215 urbem
1555 2173 1729 2216 Eruit.“
1780 2171 1839 2214 G.
1862 2172 1926 2225 ΙΙ,
1942 2172 2018 2214 53:
2045 2172 2175 2225 „Nee
2203 2187 2292 2214 non
2322 2179 2368 2215 et
2396 2173 2525 2216 steri-

342 2242 399 2286 lis
429 2257 543 2298 quae
572 2238 837 2296 stirpibus
869 2239 960 2281 exit
989 2238 1045 2280 ab
1074 2238 1171 2281 imis
1201 2237 1304 2280 Hoc
1331 2238 1506 2281 faeiat.“
1562 2240 1665 2283 209:
1693 2239 2035 2294 „Antiquasque
2065 2238 2220 2282 domos
2248 2239 2396 2282 avium
2424 2253 2524 2283 eum

343 2308 555 2365 stirpibus
581 2307 682 2351 imis
711 2306 884 2359 Eruit‚“
921 2320 1187 2361 quamquam
1217 2304 1300 2347 hoe
1328 2304 1427 2348 loeo
1455 2308 1585 2348 etiam
1615 2305 1670 2348 de
1699 2305 1900 2362 pluribus
1930 2306 2113 2363 eogitari
2144 2305 2296 2362 possit.
2353 2306 2409 2349 ef.
2438 2304 2524 2351 Ov.

344 2378 454 2423 Met.
468 2375 533 2432 ΙΙ,
549 2376 651 2420 655:
681 2374 901 2431 „suspirat
929 2373 984 2417 ab
1011 2373 1109 2418 imis
1138 2371 1431 2429 pectoribus.“
1475 2374 1580 2417 761:
1608 2373 1738 2429 „imis
1766 2373 1810 2416 in
1840 2373 2072 2417 vallibus.“

459 2443 722 2499 Sequuntur
742 2443 840 2485 alia.
890 2442 946 2484 A.
962 2440 1049 2495 IX,
1072 2441 1175 2484 683:
1207 2440 1499 2497 „Inrumpunt
1515 2440 1699 2485 aditus
1719 2440 1877 2484 Rutuli
1895 2446 1948 2483 ut
1967 2440 2115 2492 videre
2135 2440 2374 2497 patentis.“
2417 2441 2523 2483 693:

342 2512 592 2568 „perfertur
610 2511 792 2554 nuntius
821 2509 989 2554 hostem
1016 2508 1202 2551 Fervere
1222 2508 1355 2552 caede
1382 2523 1494 2552 nova
1522 2514 1567 2552 et
1593 2514 1780 2565 portas
1808 2507 2017 2564 praebere
2037 2507 2272 2565 patentis‚“
2300 2507 2520 2565 intellege:

341 2579 432 2621 late
461 2583 685 2635 patentem
714 2576 896 2630 aditum,
925 2576 1013 2618 late
1043 2581 1263 2631 patentem
1292 2582 1478 2632 portam.
1526 2574 1616 2620 Sed
1644 2574 1836 2619 subinde
1864 2574 1985 2631 quod
2013 2575 2195 2634 legitur:
2221 2573 2524 2630 „Dardaniam

342 2647 432 2689 ruit
468 2645 525 2688 ad
559 2651 734 2701 portam
768 2644 1011 2698 fratresque
1048 2642 1289 2698 superbos“
1325 2642 1571 2698 euphoniae
1609 2657 1740 2686 eausa
1775 2643 1954 2686 videtur
1985 2644 2148 2686 factum
2183 2657 2291 2686 esse.
2350 2642 2404 2685 ef.
2435 2641 2522 2685 Ov.

341 2713 452 2757 Met.
466 2711 555 2767 ΙΙΙ,
580 2713 654 2754 74:
684 2709 969 2768 „Spumaque
998 2709 1227 2766 pestiferos
1257 2709 1519 2753 circumfluit
1550 2709 1699 2754 albida
1725 2711 1942 2764 rietus‚“
1975 2711 2134 2753 rictum
2163 2709 2370 2754 latissime
2398 2708 2521 2752 hian-

317 2794 321 2798 ’
341 2788 443 2824 tem.
475 2781 580 2822 674:
600 2778 708 2834 „lati
724 2779 907 2821 rietus.“
921 2803 975 2811 —
992 2780 1047 2819 A.
1063 2775 1192 2832 VIII,
1208 2778 1311 2820 712:
1340 2775 1544 2833 „Contra
1558 2783 1704 2819 autem
1719 2792 1876 2834 magno
1888 2784 2148 2832 maerentem
2165 2790 2352 2831 corpore
2366 2775 2519 2818 Nilum

342 2847 703 2903 Pandentemque
733 2846 940 2900 sinus‚“‘
958 2845 1236 2889 nostratium:
1265 2845 1385 2889 seine
1404 2846 1542 2888 Arme
1561 2843 1664 2888 weit
1690 2843 1883 2899 bffnend,
1914 2859 2182 2900 quamquam
2209 2843 2322 2887 alius
2341 2857 2519 2898 quoque

342 2913 591 2971 explicandi
618 2913 776 2959 modus
805 2913 1001 2958 adhiberi
1031 2918 1188 2970 potest,
1213 2912 1270 2957 de
1297 2927 1384 2970 quo
1413 2911 1528 2956 infra
1556 2926 1736 2970 agemus
1764 2913 1826 2970 (ξ.
1842 2911 1888 2955 2:
1907 2913 2063 2969 terga).
2082 2937 2138 2946 —
2157 2912 2213 2955 A.
2229 2909 2270 2966 Ι,
2294 2911 2367 2953 14:
2396 2909 2520 2965 „Ita-

337 2982 443 3026 liam
471 2987 624 3026 oontra
650 2980 945 3037 Tiberinaque
973 2981 1104 3039 longe
1134 2979 1335 3025 Ostia.“
1382 2979 1473 3035 HL
1493 2979 1597 3023 688:
1627 2978 1757 3034 „vivo
1784 2979 2094 3036 praetervehor
2129 2979 2242 3023 ostia
2267 2992 2374 3021 saxo
2403 2976 2520 3021 Pan-

2189 3059 2213 3094 2
