2952 3777
1314 219 1658 274 -12-

385 360 498 417 ipsa.
554 357 729 411 Eodem
758 356 894 402 modo
921 354 1029 399 810.
1058 352 1212 411 „quod
1237 352 1276 399 si
1304 367 1404 399 mea
1429 354 1613 399 numina
1630 368 1725 399 non
1756 359 1861 399 sant
1886 353 2054 412 Magna
2079 353 2200 409 satis,
2228 353 2426 399 dubitem
2454 354 2576 400 haud

387 419 594 491 equidem
621 424 861 481 implorare
887 416 1010 479 quod
1037 435 1224 478 usquam
1250 424 1361 466 est-‘⁴
1407 422 1475 466 At
1499 421 1707 467 convenit
1730 404 1943 465 Ladevici
1971 421 2184 466 sentenia
2206 420 2310 466 loco
2344 423 2424 479 qui
2452 424 2578 468 inve-

386 493 513 538 nitur
540 486 580 547 Ι,
595 492 692 536 666.
746 484 981 533 Interdum
1009 488 1140 532 etiam
1166 481 1466 555 intellegenda
1491 494 1602 533 sunt
1625 502 1679 531 ea
1704 487 1881 545 quibus,
1911 500 2023 544 quae
2048 488 2162 532 fieri
2166 488 2320 544 velint,
2350 488 2413 532 dii
2441 490 2579 548 signi-

387 561 539 613 ficant,
565 565 620 622 'ut
647 556 823 614 oracula
849 555 1026 612 aliaque
1053 556 1202 614 signa,
1236 556 1301 600 ita
1327 562 1388 601 ut
1407 556 1481 600 hio
1508 568 1685 612 quoque
1715 554 1772 597 de
1798 554 2000 612 pluribus
2028 555 2166 600 rebus
2193 555 2477 614 cogitandum
2506 558 2578 601 sit.

385 627 448 683 11,
474 626 569 670 123.
598 624 691 686 ΠΙ,
696 623 810 667 359.
840 622 973 679 VIII,
996 624 1073 675 78
1089 624 1187 668 512.
1213 649 1271 658 -
1295 622 1384 680 XI,
1406 624 1521 667 27.6
1563 637 1695 678 ,,οιιιιι
1731 621 1851 666 ferro
1898 621 2106 667 caelestia
2139 638 2366 681 corpora
2400 625 2578 670 demens

384 693 573 752 Adpetii
602 699 648 737 et
666 691 860 737 Veneris
886 692 1050 739 violavi
1069 692 1248 737 volnere
1274 691 1519 746 dextram‚“
1548 704 1739 746 quocum
1758 689 1856 734 loco
1881 689 2116 735 contendas
2138 689 2224 736 Ov.
2242 707 2325 734 am.
2339 691 2427 747 111,
2443 693 2486 746 2,
2503 695 2578 736 552

386 761 711 821 „puerisque
751 757 1006 837 potentibus
1034 763 1169 804 arcu“
1200 758 1322 816 quod
1355 759 1411 805 de
1440 758 1664 817 Cupidine
1700 756 1886 814 dicitur,
1922 773 2188 816 quamquam
2223 758 2341 816 apud
2366 757 2579 804 Ovidium

387 831 437 874 in
458 828 718 888 corporibus
739 827 861 871 notio
880 827 944 872 rei
965 826 1166 871 divinae
1153 841 1296 874 messe
1314 840 1492 886 semper
1516 841 1604 871 von
1625 825 1821 870 videtur.
1850 825 1964 870 Met.
1979 825 2041 881 11,
2057 826 2156 871 326.
2176 827 2275 872 663.
2291 854 2349 862 -
2368 826 2426 871 A.
2443 826 2580 883 VIII,

389 899 588 951 295.,,1;ιι
599 894 755 938 Cresia
769 901 936 938 mactas
953 894 1245 953 Prodigia“
1259 895 1466 953 intellege
1480 892 1941 939 taurumCretensem
1927 908 2054 952 ignes
2070 900 2351 939 evomentem.
2374 894 2580 951 111,172·

389 965 604 1021 „Talibus
623 962 836 1006 attonitus
856 962 989 1006 visis
1016 969 1062 1005 et
1079 977 1186 1006 voce
1206 962 1423 1015 deorum3‘
1425 968 1438 990 ‘
1468 968 1770 1019 apparuerunt
1794 966 1976 1017 penates
1996 962 2184 1016 Aeneae,
2214 978 2348 1019 quum
2369 963 2581 1021 insomnis

385 1035 571 1091 jaceret,
607 1045 797 1087 eumque
826 1028 1003 1074 Cretam
1040 1029 1288 1088 relinquere
1316 1031 1556 1088 jusserunt.
1611 1031 1679 1073 Ac
1714 1044 1771 1072 ne
1812 1028 1948 1073 ducas
1987 1029 2081 1073 visa
2115 1029 2237 1074 dicta
2272 1046 2367 1075 esse
2400 1037 2582 1090 propter

389 1100 541 1159 plures
581 1104 785 1157 penates,
820 1097 1019 1143 conferre
1045 1098 1179 1144 liceat
1209 1098 1358 1144 locum
1386 1096 1520 1154 Vm,
1545 1098 1640 1143 109:
1669 1097 1769 1152 „Ut
1804 1097 1943 1142 celsas
1971 1096 2119 1141 videre
2154 1104 2270 1143 rates
2306 1106 2440 1156 atque
2470 1101 2584 1145 inter

389 1183 582 1227 opacum
611 1166 779 1211 Adlabi
806 1181 960 1211 nemus
988 1173 1033 1211 et
1060 1168 1219 1212 tacitos
1246 1167 1497 1211 incumbere
1527 1165 1659 1209 remis
1679 1165 1920 1209 Terrentur
1945 1165 2042 1209 visu
2070 1166 2218 1210 subito
2247 1168 2484 1225 cunctique
2512 1185 2581 1213 re-

390 1236 510 1281 lictis
540 1233 830 1293 Consurgunt
855 1235 1059 1290 mensis,“
1097 1237 1217 1292 (nam
1245 1240 1290 1279 et
1316 1235 1438 1279 visus
1470 1233 1526 1277 de
1560 1248 1611 1277 eo
1642 1232 1806 1276 dicitur
1835 1232 1957 1289 quod
1988 1234 2302 1291 conspicimus,
2338 1251 2482 1292 neque
2510 1251 2583 1281 so-

391 1304 485 1347 lum
515 1302 572 1346 de
602 1302 914 1360 conspiciendo
942 1303 1073 1360 ipso).
1093 1329 1150 1337 —
1170 1302 1233 1357 ΙΙ,
1259 1303 1362 1346 691:
1393 1302 1498 1358 „Da
1527 1301 1684 1346 deinde
1710 1301 1942 1358 augurium
1967 1307 2094 1358 pater
2113 1309 2242 1357 atque
2270 1302 2379 1346 baec
2409 1306 2584 1355 omina

307 1433 311 1436 Π
392 1371 575 1425 firma,“
614 1369 735 1426 quod
765 1369 879 1428 ignis
908 1370 1109 1414 coelestis
1137 1370 1184 1413 in
1213 1370 1355 1427 capite
1384 1368 1417 1413 J
1419 1369 1482 1413 uli
1514 1369 1756 1413 videbatur.
1811 1368 1893 1423 IV,
1918 1369 2021 1412 662:
2058 1376 2262 1424 „nostrae
2298 1385 2444 1413 seeum
2472 1372 2586 1415 ferat

394 1439 541 1481 omina
577 1437 779 1480 mortis.“
837 1436 927 1490 IX,
957 1437 1034 1479 21:
1073 1437 1218 1492 „unde
1253 1437 1361 1480 haec
1402 1443 1495 1480 tam
1531 1438 1647 1479 clara
1685 1441 1867 1492 repente
1904 1435 2189 1492 Tempestas?
2225 1436 2418 1480 medium
2454 1437 2584 1482 video

394 1505 618 1550 discedere
648 1503 820 1547 caelum
850 1502 1138 1560 Palantisque
1167 1503 1270 1561 polo
1297 1504 1461 1548 stellas.
1506 1518 1664 1559 sequar
1693 1504 1840 1546 omina
1868 1508 2011 1557 tanta,
2041 1502 2254 1559 Quisquis
2283 1505 2327 1547 in
2357 1521 2477 1549 arma
2506 1522 2584 1550 vo-

394 1576 513 1617 cas.“
571 1573 643 1614 Ac
668 1572 784 1614 sicut
805 1571 923 1627 apud
954 1586 1107 1615 omnes
1136 1571 1374 1628 scriptores
1407 1571 1595 1614 usitatus
1626 1575 1693 1613 est
1723 1569 1909 1626 pluralis
1947 1584 2156 1614 numerus
2186 1571 2336 1615 altaris
2369 1573 2583 1629 vocabuli,

393 1640 458 1681 ita
487 1638 713 1695 Vergilius
744 1653 881 1681 aram
912 1654 1091 1694 quoque
1110 1644 1310 1696 usurpat,
1340 1653 1497 1695 nempe
1527 1644 1578 1680 ut
1596 1643 1808 1694 augeatur
1836 1637 1956 1679 notio
1986 1639 2281 1682 venerationis
2313 1640 2584 1697 pietatisque.

399 1704 527 1759 Quae
557 1719 627 1748 res
657 1720 792 1761 quum
821 1706 1052 1750 tritissima
1082 1705 1155 1761 sit,
1185 1705 1379 1749 sufficiat
1416 1721 1471 1749 ex
1500 1704 1652 1762 primis
1684 1703 1910 1747 Aeneidos
1941 1704 2066 1747 libris
2096 1706 2270 1761 aliquot
2299 1707 2418 1752 locos
2446 1708 2587 1752 adno-

364 1780 367 1783 “
395 1780 529 1818 tasset
559 1775 615 1816 A.
632 1772 668 1828 Ῑ,
684 1773 781 1816 334.
797 1773 895 1817 349.
923 1773 987 1828 ΙΙ,
1007 1774 1101 1818 155.
1117 1773 1213 1819 202.
1229 1774 1309 1818 501
1333 1775 1443 1831 (una
1471 1772 1744 1830 intellegitur
1775 1787 1865 1827 ara,
1896 1779 1940 1815 et
1970 1787 2022 1815 ea
2048 1773 2226 1829 quidem
2256 1774 2313 1817 ad
2344 1790 2477 1831 quam
2507 1776 2586 1820 ob-

394 1840 684 1885 truncabatur
713 1840 918 1885 Priamus
949 1841 1004 1885 cf.
1032 1842 1117 1885 513
1137 1843 1280 1900 seqq.)
1301 1844 1399 1887 574.
1414 1842 1510 1886 663.
1541 1840 1628 1897 ΙΙΙ,
1652 1841 1720 1884 25.
1743 1841 1811 1883 63.
1835 1840 1930 1883 231.
1978 1840 2047 1884 Ex
2077 1841 2227 1885 eadem
2260 1856 2394 1887 causa
2423 1844 2586 1889 dicitur

395 1910 487 1965 ΙΙΙ,
511 1910 613 1952 178:
643 1909 896 1965 „tendoque
926 1912 1107 1966 supinas
1136 1911 1210 1954 Ad
1240 1912 1409 1955 caelum
1446 1925 1544 1953 cum
1578 1925 1685 1952 voce
1714 1924 1866 1951 manus
1893 1915 1938 1951 et
1977 1925 2160 1952 munera
2194 1910 2286 1953 libo
2317 1911 2587 1955 Intemerata

398 1977 579 2021 focis.“
624 1976 740 2032 XII,
767 1977 868 2020 118:
899 1977 1155 2033 „Parabant
1177 1979 1299 2023 focos
1329 1985 1373 2022 et
1400 1978 1469 2023 dis
1499 1977 1804 2021 communibus
1834 1980 1985 2020 aras.“·

513 2043 619 2088 Jam
649 2061 785 2101 quum
816 2044 977 2099 verbis,
1008 2060 1123 2101 quae
1143 2046 1289 2089 adhuc
1318 2046 1461 2099 attuli,
1491 2047 1610 2089 notio
1631 2046 1707 2088 illa
1737 2045 1874 2087 divini
1902 2050 1980 2087 aut
2000 2045 2107 2101 ipsis
2136 2045 2240 2089 insit
2268 2052 2345 2089 aut
2370 2046 2588 2103 adjectivo

400 2111 614 2166 addatur,
652 2112 715 2155 ita
750 2119 801 2156 ut
836 2112 1000 2169 plurali
1037 2128 1223 2157 numero
1259 2114 1304 2157 in
1343 2113 1587 2157 mirandum
1625 2113 1696 2155 vel
1735 2112 1942 2156 horribile
1978 2112 2117 2169 magis
2156 2119 2325 2156 tantum
2356 2120 2589 2171 augeatur,

400 2180 538 2223 multa
580 2180 712 2222 etiam
749 2185 853 2223 sunt
889 2195 1002 2236 quae
1038 2182 1135 2237 ipso
1171 2180 1343 2225 demum
1381 2195 1562 2223 numero
1598 2180 1708 2222 illud
1745 2179 1845 2235 plus
1885 2194 2015 2234 quam
2053 2179 2291 2223 humanum
2324 2181 2588 2236 concipiunt.

399 2247 486 2299 VI,
504 2247 579 2289 26:
610 2247 921 2300 „Minotaurus
951 2247 1064 2290 inest
1093 2246 1281 2292 Veneris
1308 2248 1627 2290 monimenta
1656 2245 1915 2289 nefandae.“
1972 2246 2248 2290 Vocabulum
2281 2246 2470 2292 Veneris
2504 2248 2590 2291 nisi

403 2313 458 2356 de
490 2312 730 2356 concubitu
761 2314 960 2372 intellegi
991 2330 1078 2358 non
1106 2320 1269 2372 potest,
1299 2314 1415 2359 sicut
1439 2313 1498 2357 G.
1516 2314 1605 2370 III,
1625 2315 1719 2369 137,
1748 2313 1933 2370 aliisque
1960 2314 2089 2365 locis;
2125 2315 2272 2370 itaque
2303 2315 2399 2359 solo
2429 2315 2592 2372 plurali

401 2382 628 2425 indicatur
648 2387 890 2425 monstrum
908 2382 1046 2427 fuisse
1065 2382 1372 2427 Minotaurum
1400 2382 1626 2426 horribile.
1647 2407 1702 2415 —
1723 2381 1838 2437 XII,
1854 2382 1957 2424 876:
1987 2397 2071 2437 „ne
2091 2396 2159 2425 me
2188 2388 2345 2426 terrete
2364 2384 2592 2427 timentem

404 2448 643 2494 Obscenae
682 2449 957 2505 volucres,
994 2451 1163 2494 alarum
1195 2449 1376 2495 verbera
1413 2453 1599 2501 nosco;“
1636 2449 1812 2492 minime
1847 2449 2160 2507 generaliorem
2199 2443 2346 2494 reddit
2374 2451 2596 2495 notionem

403 2532 640 2572 numerus,
676 2524 727 2560 ut
762 2525 1031 2561 censuerunt
1066 2518 1325 2576 Wagnerus
1360 2517 1635 2571 Ladevicus,
1672 2516 1747 2561 sed
1785 2516 1883 2559 dira
1920 2524 1964 2560 et
1990 2518 2209 2561 horrenda
2238 2519 2430 2561 volucris
2459 2519 2595 2576 signi-

403 2585 573 2629 ficatur.
619 2584 704 2629 Est
734 2592 878 2628 autem
908 2592 1030 2629 certa
1054 2585 1132 2629 illa
1158 2586 1275 2630 furia
1303 2584 1361 2630 ab
1380 2585 1494 2630 Jove
1522 2585 1728 2629 immissa.
1776 2584 1933 2641 Neque
1964 2585 2092 2629 aliter
2121 2585 2218 2629 Ecl.
2241 2585 2324 2638 VI,
2337 2586 2413 2629 42:
2443 2586 2594 2641 „Hinc

405 2652 580 2711 lapides
610 2652 809 2712 Pyrrhae
833 2654 999 2711 jactos,
1035 2651 1242 2698 Saturnia
1269 2668 1428 2712 regna,
1460 2652 1781 2710 Caucasiasque
1811 2654 1943 2697 refert
1968 2654 2171 2698 volucres
2199 2654 2454 2710 furtumque
2481 2653 2594 2697 Pro-

405 2721 600 2765 methei“
634 2721 819 2779 pluralis
852 2720 990 2765 divini
1025 2720 1196 2779 aliquid
1226 2721 1382 2779 efficit,
1421 2736 1559 2779 quum
1586 2721 1620 2767 J
1620 2722 1713 2767 ovis
1749 2722 1899 2778 aquila
1932 2721 2228 2780 intellegenda
2262 2722 2334 2766 sit.
2393 2720 2528 2776 Quod
2558 2721 2597 2766 si

404 2785 627 2846 Ameisius
652 2790 952 2847 (spicilegium
979 2790 1325 2847 explicationum
1356 2789 1712 2848 Vergilianarum
1732 2805 1775 2846 p.
1798 2789 1872 2847 13)
1901 2795 2042 2846 putat,
2071 2795 2266 2833 secutum
2296 2803 2392 2842 esse
2418 2795 2594 2846 poetam

404 2857 638 2914 imagines,
676 2857 722 2899 in
751 2857 910 2912 quibus
939 2857 1052 2900 duae
1078 2857 1151 2900 vel
1177 2857 1332 2914 plures
1360 2857 1533 2912 aquilae
1564 2862 1884 2913 representatae
1912 2857 2097 2911 fuerint,
2136 2856 2191 2900 de
2225 2856 2310 2900 hac
2338 2871 2387 2900 re
2415 2855 2596 2900 dubita-

406 2925 544 2967 verim
573 2925 764 2981 primum
793 2924 896 2980 quia
923 2939 1013 2967 non
1032 2923 1166 2967 video
1195 2938 1276 2968 cur
1303 2923 1390 2967 hoc
1415 2923 1516 2980 ipso
1542 2924 1641 2966 loco
1660 2923 1888 2981 Vergilius
1916 2938 1943 2967 a
1970 2924 2118 2968 fabula
2145 2924 2289 2980 qualis
2318 2923 2453 2980 vulgo
2481 2923 2596 2967 fere-
