2952 3777
1324 241 1670 297 —22—

402 376 581 423 Eodem
600 375 735 421 modo
755 384 867 435 puto
886 376 943 422 de
960 376 1150 434 captivis
1169 376 1453 434 desumptum
1481 390 1592 434 ωεο,
1619 377 1744 435 quod
1771 376 1992 423 invenitur
2009 376 2240 433 A.11,57=
2268 376 2417 433 „Eece
2440 389 2594 426 manus

397 442 799 506 iuveneminterea
825 449 930 503 post
956 449 1082 503 terga
1108 441 1661 492 revinctumrsetore'n—
1679 443 1960 491 trahebant-‘⁶
2014 437 2106 491 Sed
2133 450 2184 489 ut
2211 444 2343 490 lieu-t
2369 441 2594 491 redii-esd

402 514 553 556 locum
572 510 631 555 G.
652 510 726 567 11,
748 512 855 566 271,
881 523 1015 567 quem
1050 510 1183 554 modo
1221 510 1371 568 anuli,
1408 527 1499 556 non
1527 513 1683 556 dubito
1712 514 1823 570 quin
1851 512 1917 556 ibi
1943 511 2183 572 legendum
2210 511 2292 555 sit.
2325 525 2435 568 qua
2468 519 2594 572 terga.

401 579 644 624 obverterit
671 578 757 621 axi.
814 579 987 636 Aperte
1007 578 1123 621 enim
1152 579 1199 622 in
1227 591 1281 623 ea
1297 542 1468 624 tuitum
1495 595 1544 624 re
1571 581 1767 638 positum
1793 586 1861 624 est
1878 578 2051 636 aliquid
2069 579 2296 635 momenti,
2323 578 2446 636 quod
2464 579 2593 637 plan·

398 654 470 690 tae
490 645 642 689 eadem
669 652 801 703 atque
821 661 910 689 una
929 652 1057 703 parte
1077 659 1256 705 semper
1273 647 1321 690 in'
1342 647 1569 691 meridiem
1595 654 1800 704 spectare
1823 647 1998 702 debent,
2017 660 2164 703 neque
2182 646 2315 689 uliam
2332 646 2395 689 ob
2412 643 2592 690 causam

397 714 577 772 signum
611 713 659 756 in
689 713 857 757 cortice
893 712 1117 757 inciditur.
1176 711 1312 768 Quod
1355 719 1465 758 tunc
1497 713 1649 758 eadem
1677 721 1805 772 parte
1833 721 1968 772 atque
1996 721 2125 759 antea
2161 713 2209 757 in
2244 714 2592 771 septentrionem

399 796 636 826 conversae
670 787 794 837 sunt,
831 780 879 824 id
907 796 1066 838 parum
1103 781 1257 836 refiert,
1294 792 1463 837 neque,
1500 797 1638 839 quum
1675 797 1758 839 per
1791 797 1839 827 ee
1874 788 2045 840 pateat,
2082 781 2285 826 additum
2319 786 2387 825 est
2415 780 2501 825 nisi
2531 780 2591 825 ad

397 849 674 903 efficiendam
704 851 912 906 maJorem
940 848 1009 893 rei
1033 848 1404 907 perspicuitatem.
1463 848 1512 894 si
1540 857 1688 894 autem
1707 849 1869 907 legitur
1891 864 2018 906 quae,
2043 850 2148 894 hnic
2167 850 2232 893 rei
2252 850 2435 906 propria
2455 862 2591 905 quae·

1898 919 1933 952 A

398 962 499 1006 dam
527 962 596 1006 vis
625 961 850 1006 tribuitur.
908 960 942 1004 J
944 976 1013 1005 am
1043 960 1164 1017 quod
1193 961 1415 1005 invem'tur
1446 963 1494 1005 in
1521 962 1558 1006 P
1596 963 1766 1007 codicez
1801 961 1961 1017 QVE,
1989 963 2052 1006 ita
2087 968 2141 1005 ut
2175 963 2221 1005 A
2256 961 2311 1005 ab
2348 962 2591 1007 recentiore

396 1044 532 1072 manu
562 1030 910 1087 suprascriptum
939 1029 1018 1084 sis,
1055 1028 1104 1072 id
1131 1027 1307 1072 videtur
1335 1030 1400 1072 ita
1428 1030 1773 1088 intellegendum
1802 1045 1919 1085 esse,
1946 1037 1998 1072 ut
2024 1032 2067 1073 A
2101 1044 2191 1073 non
2221 1029 2512 1074 substituatur
2544 1029 2590 1072 in

395 1097 546 1140 locum
574 1097 751 1140 litterae
779 1096 842 1151 E,
871 1095 951 1140 sed
978 1103 1082 1139 ante
1111 1111 1207 1139 eam
1235 1096 1470 1140 inseratur.
1524 1096 1730 1140 Palatino
1765 1106 1913 1141 autem
1942 1097 2087 1141 codici
2116 1112 2234 1153 quae
2266 1098 2326 1141 sit
2358 1098 2405 1140 in
2434 1096 2589 1155 hujus-

395 1164 519 1208 modi
546 1164 679 1209 rebue
706 1164 946 1208 auctoritas
973 1178 1212 1221 cognoscas
1241 1163 1365 1221 apud
1393 1163 1702 1220 Ribbeckium,
1732 1165 1901 1223 proleg.
1927 1164 1984 1208 ad
1999 1165 2135 1222 Verg.
2164 1178 2265 1221 pag.
2292 1164 2377 1207 309
2397 1178 2517 1220 seqq.
2532 1188 2589 1199 -

396 1230 488 1276 Sed
515 1233 562 1275 in
592 1232 710 1275 viam
739 1230 886 1274 redee.
944 1231 1015 1274 Ac
1043 1245 1130 1274 non
1166 1244 1346 1287 possum
1374 1246 1464 1274 non
1492 1232 1668 1286 mirari„
1703 1231 1826 1287 quod
1854 1232 1902 1274 in
1930 1231 2149 1276 sententia
2179 1244 2296 1285 quse
2322 1236 2391 1273 eet
2416 1230 2476 1274 G.
2499 1230 2588 1284 111,

395 1300 503 1343 439·
538 1298 778 1353 „Volvitur
813 1304 891 1342 aut
921 1298 1093 1342 catulos
1130 1299 1259 1343 tectis
1294 1304 1372 1343 aut
1408 1313 1494 1343 ova
1528 1299 1780 1355 relinquens
1814 1298 2003 1343 Arduus
2032 1298 2090 1342 ad
2128 1297 2266 1342 solem
2303 1303 2349 1341 et
2382 1297 2588 1355 linguis

397 1368 535 1411 micat
571 1381 646 1410 ore
688 1365 986 1420 trisulcis,“
1031 1366 1150 1410 redit
1176 1368 1234 1410 A.
1264 1365 1328 1422 11,
1356 1367 1468 1419 475,
1512 1366 1659 1409 adhuc
1698 1366 1755 1410 ad
1791 1366 1839 1410 id
1876 1373 2052 1412 tantum
2097 1364 2384 1408 intenderunt
2418 1364 2588 1409 animos

395 1434 596 1479 homines
626 1434 771 1489 docti,
805 1433 928 1490 quod
964 1435 1151 1479 trisulca
1176 1434 1425 1492 appellatur
1453 1434 1625 1492 lingua,
1661 1449 1794 1490 quam
1823 1450 1916 1479 rem
1944 1433 2001 1478 ad
2031 1434 2220 1511 speciem
2248 1432 2382 1477 celeri
2408 1432 2588 1490 linguae

394 1510 517 1547 motu
544 1508 742 1546 exortam
769 1501 1048 1546 referendam
1076 1516 1172 1547 esse
1201 1508 1473 1546 censuerunt.
1528 1504 1594 1546 At
1622 1502 1800 1546 hercule
1828 1503 1970 1546 multo
1996 1501 2136 1559 magis
2162 1501 2297 1545 mirus
2321 1507 2389 1544 est
2407 1499 2587 1557 pluralis

394 1582 616 1613 numerus.
674 1568 902 1624 Namque,
943 1569 1100 1623 credo,
1144 1575 1224 1611 aut
1258 1568 1497 1612 dicendum
1537 1576 1632 1612 erat
1666 1569 1884 1626 Vergilio.
1919 1570 2053 1612 micat
2087 1569 2237 1626 lingua
2272 1567 2476 1621 trisulca,
2509 1575 2588 1610 aut

393 1636 539 1681 tribus
558 1635 735 1693 linguis.
793 1633 886 1679 Sed
906 1643 1085 1681 exortus
1113 1643 1180 1681 est
1207 1635 1392 1694 pluralis
1423 1651 1477 1680 ex
1506 1636 1683 1680 notione
1712 1636 1949 1693 plurative,
1979 1650 2115 1692 quam
2142 1634 2336 1680 continet
2363 1634 2586 1679 trisulcus.

394 1702 501 1760 Qua
528 1702 577 1747 in
603 1717 653 1746 re
682 1718 773 1747 non
800 1701 908 1747 mihi
937 1703 1092 1748 videor
1120 1719 1284 1761 errare,
1321 1703 1363 1750 si
1389 1703 1630 1760 contendo,
1661 1710 1833 1749 veteres
1868 1704 2114 1748 accuratius
2143 1702 2303 1761 legisse
2339 1717 2472 1760 quam
2507 1717 2587 1746 no-

394 1777 569 1816 strates.
626 1770 861 1829 Leguntur
888 1772 1006 1816 enim
1034 1772 1082 1816 in
1107 1771 1333 1829 Anonymi
1350 1768 1524 1816 Orestis
1546 1771 1790 1830 tragoedia,
1820 1787 1954 1828 quam
1983 1787 2126 1830 nuper
2154 1771 2442 1828 diligentibus
2468 1771 2586 1815 curis

394 1838 536 1883 edidit
547 1838 745 1883 Jaoobus
765 1837 967 1897 Manhly,
987 1855 1028 1883 v,
1051 1839 1136 1882 226
1158 1838 1287 1883 haec:
1306 1839 1538 1897 „(anguis)
1557 1838 1742 1883 Pectore
1761 1839 1961 1883 sublatus
1980 1839 2134 1897 lingua
2149 1838 2350 1881 vibrante
2363 1837 2586 1881 trisulca.“

398 1907 491 1962 Qui
519 1911 655 1963 poeta
679 1921 817 1961 quum
846 1912 999 1962 aperte
1026 1907 1175 1951 multis
1202 1907 1314 1950 locis
1346 1906 1593 1964 Vergilium
1621 1907 1820 1951 imitatus
1847 1908 1921 1962 sit,
1949 1908 2056 1963 quin
2085 1914 2131 1950 et
2157 1906 2243 1949 hoc
2270 1906 2368 1949 loco
2398 1905 2586 1962 vestigia

395 1977 492 2031 ejus
517 1973 729 2030 presserit
756 1988 888 2017 nemo
915 1973 1150 2018 dubitabit.
1207 1972 1360 2027 Quum
1384 1982 1532 2018 autem
1559 1975 1786 2031 praebeat·
1815 1975 1966 2052 lingua
1990 1974 2195 2028 trisulca,
2223 1973 2311 2016 duo
2339 1972 2440 2015 inde
2471 1972 2586 2017 effici

394 2048 600 2097 possunt.
630 2048 709 2082 aut
735 2040 881 2095 ipsum
910 2047 1105 2084 mutasse
1133 2041 1409 2094 sententiam,
1437 2049 1514 2084 aut
1539 2043 1782 2097 exemplari
1807 2043 2048 2085 carminum
2073 2040 2428 2097 Vergilianorum
2454 2054 2584 2084 usum

393 2123 510 2164 esse,
540 2107 589 2151 in
617 2121 708 2164 quo
735 2106 920 2164 pluralis
955 2107 1004 2152 in
1037 2106 1309 2166 singularem
1344 2114 1639 2153 commutatus
1676 2108 1824 2153 fuerit.
1882 2107 2000 2154 Utut
2035 2122 2106 2154 res
2141 2113 2229 2163 est,
2263 2105 2460 2152 videmus
2490 2107 2584 2164 jam

392 2183 563 2221 veteres
591 2176 639 2217 in
667 2174 753 2218 hoc
782 2189 968 2219 numero
995 2174 1257 2229 offendisse,
1283 2189 1429 2231 neque
1457 2175 1572 2218 enim
1599 2175 1777 2219 videtur
1804 2175 2046 2234 probabile,
2075 2182 2301 2219 auctorem
2318 2173 2584 2233 tragoediae,

392 2245 433 2287 si
461 2244 580 2286 forte
603 2243 857 2285 memoriter
883 2249 1058 2286 tantum
1089 2231 1331 2299 Vergilium
1359 2250 1539 2286 secutus
1576 2243 1656 2296 sit,
1691 2258 1797 2287 casu
1827 2244 2019 2299 quodam
2057 2243 2238 2286 fortuito
2267 2243 2430 2286 mirum.
2455 2241 2583 2296 illud,

393 2308 551 2368 quod
539 2325 586 2352 ιιι
614 2308 700 2352 hoc
728 2309 953 2353 enuntiato
980 2310 1115 2364 inest,
1143 2308 1412 2354 obliterasse.
1471 2308 1583 2364 Sed,
1614 2317 1666 2353 ut
1693 2309 1752 2353 ad
1782 2308 2031 2368 Vergilium
2062 2318 2353 2364 revertamur,
2382 2308 2584 2354 similiter

392 2375 643 2434 comparati
669 2382 778 2419 snnt
804 2376 888 2419 loci
911 2377 969 2420 A.
990 2376 1049 2432 V,
1063 2377 1168 2421 855.
1197 2376 1346 2432 „Ecce
1374 2375 1482 2420 deus
1511 2392 1678 2420 ramum
1708 2377 1905 2421 Lethaeo
1934 2392 2038 2421 rore
2067 2376 2314 2421 madentem
2336 2376 2484 2432 Vique
2511 2391 2583 2420 so-

391 2453 606 2501 poratum·
627 2441 787 2501 Stygia
814 2458 950 2501 super
979 2448 1172 2500 utraque
1197 2449 1376 2500 quassat
1403 2444 1676 2500 Tempora3“
1718 2444 1807 2499 VI,
1827 2447 1930 2489 685:
1959 2444 2147 2499 „alacris
2174 2444 2341 2501 palmas
2372 2449 2582 2499 utrasque

392 2510 633 2562 tetendit;“
663 2512 769 2554 ”1882
797 2510 934 2566 „Huc
952 2511 1149 2568 geminas
1176 2525 1294 2555 nunc
1321 2511 1450 2556 flecte
1478 2513 1598 2555 acies
1625 2512 1740 2555 hanc
1761 2513 1907 2568 aspice
1936 2516 2156 2569 gentem.“
2214 2512 2373 2556 Insunt
2402 2512 2520 2554 enim
2535 2512 2582 2554 in

390 2579 537 2623 verbis
566 2593 680 2634 quae
707 2585 811 2623 sunt
839 2586 1026 2635 uterque
1054 2579 1255 2636 geminus
1282 2580 1482 2625 notiones
1511 2580 1776 2636 plurativae‚
1807 2579 1968 2635 quibus
2002 2579 2362 2624 adsimilabantur
2383 2588 2583 2635 tem-pots

392 2646 565 2705 palmae
590 2645 724 2699 acies3
755 2646 937 2704 proprie
964 2662 1068 2691 vero
1097 2645 1333 2692 dicendum
1361 2655 1458 2692 erat
1485 2655 1564 2691 aut
1587 2664 1720 2705 snper
1739 2654 1977 2704 utrumque
2005 2655 2178 2705 tempus
2198 2653 2279 2691 aut
2296 2662 2429 2704 super
2452 2645 2581 2690 ambo

391 2721 619 2773 tempora,
655 2721 735 2760 aut
760 2714 954 2773 palmam
980 2721 1215 2774 utramque
1243 2722 1320 2761 aut
1355 2714 1505 2761 ambas
1540 2717 1727 2775 palmas,
1764 2722 1841 2762 aut
1875 2716 2016 2761 aciem
2050 2716 2282 2761 oculorum
2314 2720 2394 2760 aut
2429 2713 2581 2760 ambos

391 2783 561 2828 oculos.
616 2782 731 2826 Tum
762 2783 800 2837 si
826 2783 1073 2828 invenimus
1092 2783 1207 2840 XII,
1234 2785 1337 2829 5582
1365 2782 1501 2840 „Huc
1533 2791 1666 2842 atque
1702 2784 1789 2829 huc
1825 2784 1942 2828 acies
1970 2783 2283 2839 circumtulit“,
2314 2781 2448 2838 VIII,
2474 2782 2579 2827 229:

392 2866 602 2907 „omnem
627 2851 870 2896 Accessum
896 2851 1087 2895 lustrans
1116 2851 1204 2896 huc
1231 2865 1310 2895 ora
1345 2851 1512 2896 ferebat
1548 2859 1593 2896 et
1626 2853 1763 2896 illuc“
1803 2851 1863 2895 ad
1897 2851 2139 2908 notionem,
2176 2866 2287 2909 quae
2325 2850 2578 2894 enuntiatis:

393 2917 481 2962 huc
515 2924 648 2976 atque
683 2918 793 2974 huc,
828 2918 917 2962 huc
951 2926 998 2963 et
1034 2919 1142 2963 illuc
1177 2918 1458 2978 exprimitur,
1493 2919 1726 2964 inclinatus
1760 2925 1827 2964 est
1871 2934 2103 2976 numerus,
2146 2918 2271 2977 quod
2306 2933 2361 2964 ne
2395 2916 2578 2962 dubium
