2952 3777
419 344 588 396 multas
620 341 720 389 illas
757 341 987 402 ambages,
1028 355 1143 399 quae
1179 353 1294 398 opu·
1316 345 1460 401 uetant
1494 341 1694 395 Aeneae,
1739 344 1792 383 ut
1835 337 2004 392 Didoni
2044 335 2280 385 consilinm
2311 337 2615 395 proficiscendi

423 409 701 470 pedetentim
729 416 783 454 ao
811 410 969 459 leniter
993 407 1486 461 insinuaretgavariatur
1513 407 1651 466 igitur
1678 406 1724 455 id
1745 405 1868 463 quod
1887 412 2020 450 antea
2039 402 2264 450 ambiendi
2280 403 2419 449 verbo
2437 420 2616 464 expres-

428 484 550 523 serat
581 483 726 536 poeta.
782 475 910 531 Quae
945 490 1083 533 quum
1117 474 1182 518 ita
1219 473 1332 531 sint,
1369 474 1490 533 apud
1528 472 1738 523 Ovidium
1782 473 1894 520 Met.
1921 472 1986 528 11,
2007 473 2086 516 432
2130 486 2242 526 „neo
2277 477 2326 515 tu
2361 486 2485 515 meus
2518 487 2616 517 esse

427 545 585 602 negari
614 544 793 600 Dignus
823 557 894 596 es,
924 548 969 586 et
995 540 1209 599 Clymene
1237 554 1387 596 veros,
1416 541 1502 596 ait,
1531 540 1671 585 edidit
1698 543 1901 594 ortus,“
1931 546 2173 583 extremum
2201 538 2288 583 hoc
2317 538 2500 583 verbum
2520 545 2616 582 'non

428 612 549 654 valet
589 609 750 653 nudam
796 609 1036 666 originem,
1079 607 1166 653 sed
1195 607 1360 673 omnip,
1404 622 1517 664 quae
1560 623 1660 650 cum
1704 608 1820 650 ortu-³
1848 605 2137 650 Phaethontis
2174 604 2464 650 cohaerebant
2501 604 2616 662 (Ge-

428 676 625 723 schichte
655 676 809 720 deiner
844 675 1108 734 Herkunst).
1167 673 1369 720 Ceterum
1400 690 1487 719 non
1516 689 1696 734 possum
1726 673 1938 720 adsentiri
1974 672 2195 732 Hauptio,
2233 672 2311 730 qui
2345 673 2401 718 ad
2437 673 2550 719 Met.
2578 674 2616 729 I,

430 747 535 788 779:
564 746 855 803 „patriosque
884 744 980 788 adit
1005 744 1195 801 impiger
1223 747 1378 788 ortus“
1409 749 1454 787 et
1482 743 1543 799 11,
1571 744 1673 787 190:
1702 744 1797 799 „Et
1821 742 1953 786 modo
1984 756 2097 798 quos
2117 741 2183 785 illi
2202 742 2341 784 fatum
2361 742 2616 799 contingere

429 828 520 856 non
551 818 619 856 est
645 812 872 869 Prospicit
896 825 1075 855 occasus
1103 809 1321 854 interdum
1351 811 1532 868 respicit
1560 816 1684 854 ortus
1693 814 1737 865 ,“
1769 816 1919 854 censet
1948 823 2153 852 numeros
2182 808 2422 866 plurativos
2451 810 2616 866 positos

430 895 547 935 esse,
590 879 695 935 quia
724 877 928 934 quotidie
956 878 1045 921 illis
1074 877 1182 920 locis
1208 876 1275 920 sol
1307 878 1499 921 oriretur
1528 884 1573 921 et
1606 878 1845 927 occideret,
1884 876 2027 933 qualis
2056 876 2267 933 cogitatio
2298 891 2430 933 quum
2468 877 2617 936 priore

431 948 531 992 loco
569 962 902 1004 supervacanea
930 953 976 990 et
1009 946 1161 1002 inepta
1195 951 1332 1000 esset,
1366 952 1460 989 tum
1498 946 1583 989 hoc
1623 947 1721 989 loco
1762 946 1938 989 omnino
1968 959 2099 988 sensu
2130 951 2318 1000 careret,
2361 945 2464 1002 quia
2493 946 2616 989 nullo

431 1014 568 1060 modo
598 1014 797 1074 intellegi
826 1019 994 1072 potest,
1025 1011 1246 1069 quomodo
1275 1012 1333 1057 ad
1362 1012 1655 1058 Phaethontis
1693 1014 1926 1058 discrimen
1954 1013 2184 1068 pertineat.
2243 1013 2328 1056 Est
2356 1030 2460 1056 vero
2490 1030 2616 1058 usur-

430 1090 561 1141 patus
592 1082 776 1140 pluralis
806 1081 955 1126 eadem
982 1081 1176 1136 ratione,
1214 1095 1348 1138 quam
1378 1096 1514 1138 supra
1543 1082 1587 1123 in
1618 1081 1819 1128 litoribus
1850 1080 2152 1131 tractavimus3
2182 1095 2328 1134 neque
2359 1082 2473 1125 enim
2503 1082 2617 1126 desi-

430 1150 637 1211 gnandus
669 1157 734 1196 est
764 1165 877 1195 unus
908 1164 961 1194 ac
990 1154 1111 1193 certo
1141 1148 1347 1194 definitus
1373 1148 1514 1205 locus,
1546 1148 1623 1193 sed
1655 1148 1777 1207 regio
1798 1146 2012 1204 quaedam
2042 1148 2086 1191 in
2106 1148 2357 1193 universum
2378 1156 2618 1206 spectatur.

433 1218 513 1263 Sic
542 1220 601 1262 ad
628 1225 867 1274 utrumque
897 1219 1045 1261 locum
1076 1217 1268 1274 optimus
1295 1217 1486 1260 efficitur
1522 1231 1694 1260 sensus:
1726 1215 1780 1258 ad
1811 1215 2025 1272 priorem,
2060 1216 2161 1271 quia
2191 1229 2267 1258 eae
2297 1231 2476 1273 quoque
2506 1233 2620 1274 quae

435 1285 704 1328 antecedunt
725 1287 920 1328 locorum
944 1274 1284 1342 significationes
1306 1283 1543 1327 admodum
1561 1289 1664 1326 sunt
1682 1283 1881 1326 infinitae
1899 1297 1949 1324 ac
1969 1282 2216 1339 generales3
2242 1282 2298 1325 ad
2316 1286 2618 1342 posteriorem,

436 1353 541 1409 quia
556 1351 788 1396 Phaethon
810 1360 900 1395 tam
925 1352 1013 1395 alte
1036 1354 1128 1408 jam
1158 1363 1335 1396 evectus
1365 1358 1433 1395 est
1462 1351 1520 1394 ad
1550 1351 1700 1394 orbem
1730 1350 1852 1404 caeli,
1884 1357 1935 1392 ut
1962 1350 2059 1391 loca'
2088 1357 2209 1392 ortus
2230 1357 2273 1392 et
2292 1364 2474 1396 occasus
2495 1355 2620 1410 quasi

434 1419 647 1464 nebulosa
676 1426 831 1463 natent
866 1425 968 1462 ante
997 1420 1162 1462 oculos.
1223 1419 1465 1477 Compares
1498 1420 1677 1475 insuper
1712 1420 1822 1462 Met.
1854 1418 1935 1472 IV,
1957 1419 2060 1460 626:
2098 1416 2268 1474 „Saepe
2305 1419 2387 1462 sub
2424 1434 2620 1477 occasus,

434 1502 568 1544 saepe
599 1494 666 1532 est
695 1487 870 1531 ablatus
900 1487 943 1530 in
976 1490 1146 1531 ortus.“
1204 1485 1341 1545 Verg.
1372 1486 1431 1530 G.
1459 1487 1550 1541 111,
1575 1487 1678 1529 277:
1711 1477 1992 1543 „Diffugiunt
2022 1501 2129 1540 non,
2161 1486 2295 1540 Eure,
2323 1493 2446 1541 tuos,
2477 1503 2620 1544 neque

434 1554 553 1598 Solis
583 1554 641 1597 ad
672 1558 842 1598 ortus.“
902 1553 1174 1611 Ceteroquin
1205 1554 1431 1612 Vergilius
1461 1561 1585 1597 ortus
1614 1553 1827 1597 vocabulo
1858 1554 1924 1595 uti
1953 1552 2065 1596 solet
2093 1568 2173 1609 per
2201 1554 2531 1610 metonymiam,
2560 1556 2623 1598 ita

433 1629 486 1665 ut
527 1622 778 1666 indicentur
820 1621 989 1664 lumina
1035 1621 1240 1678 radiique
1283 1621 1388 1667 solis
1431 1622 1678 1665 exorientis.
1737 1621 1795 1665 G.
1832 1620 1916 1674 IV,
1940 1621 2043 1663 544:
2080 1620 2220 1673 „Post
2255 1621 2328 1663 ubi
2365 1637 2483 1664 nona
2518 1638 2620 1666 suos

433 1690 609 1732 Aurora
638 1689 880 1732 ostenderit
910 1692 1080 1743 ortus‚“
1113 1689 1168 1732 cf.
1198 1689 1294 1733 552.
1322 1692 1379 1732 A.
1394 1687 1479 1744 IV,
1499 1691 1600 1731 118:
1630 1688 1715 1743 „In
1746 1702 1897 1732 nemus
1926 1688 1988 1731 ire
2019 1694 2192 1744 parant,
2222 1687 2298 1731 ubi
2328 1689 2497 1746 primos
2527 1705 2621 1733 cra-

436 1758 580 1800 stinus
610 1763 732 1799 ortus
764 1756 988 1799 Extulerit
1007 1757 1185 1799 Titan.“
1228 1756 1314 1814 VI,
1330 1757 1434 1800 255:
1465 1756 1614 1810 „Ecce
1646 1764 1803 1810 autem,
1834 1756 1960 1812 primi
1990 1756 2073 1798 sub
2103 1756 2267 1798 lumina
2295 1758 2399 1801 solis
2419 1763 2464 1800 et
2483 1764 2622 1813 ortus,

434 1821 529 1868 Sub
550 1823 742 1882 pedibus
763 1823 935 1882 mugire
963 1824 1224 1869 solum.“—
1244 1824 1307 1880 X,
1328 1824 1433 1868 632:
1464 1831 1541 1879 „et
1569 1825 1613 1866 in
1644 1824 1798 1867 melius
1818 1830 1909 1878 tua,
1939 1824 2017 1879 qui
2047 1831 2195 1880 potes,
2227 1839 2349 1868 orsa
2378 1825 2621 1870 reflectas.“

437 1890 524 1935 Ov.
546 1892 657 1934 Her.
678 1891 809 1946 XIV,
828 1893 901 1934 18:
930 1892 1023 1946 „Et
1052 1893 1227 1936 subitus
1254 1891 1433 1936 dextrae
1454 1892 1683 1949 praepedit
1702 1907 1802 1934 orsa
1822 1895 2028 1934 tremor.“
2082 1887 2202 1934 'Aliis
2229 1892 2348 1948 aqud
2376 1893 2622 1951 Vergilium

439 1959 549 2003 locis
581 1974 683 2003 orsa
712 1958 857 2003 valere
887 1959 1029 2004 solent
1057 1959 1185 2003 dicta.
1202 1987 1259 1995 —
1280 1961 1338 2004 A.
1368 1960 1434 2017 11,
1462 1960 1563 2003 118:
1594 1958 1849 2017 „Sanguine
1879 1959 2119 2016 quaerendi
2155 1959 2364 2004 reditus
2394 1963 2623 2018 animaque

436 2027 655 2070 litandum
686 2026 954 2084 Argolica,“
990 2027 1018 2068 i.
1049 2042 1085 2069 e.
1116 2042 1269 2072 omnes
1305 2028 1600 2081 conditiones,
1637 2027 1796 2083 quibus
1833 2028 1977 2084 parari
2017 2034 2060 2070 et
2096 2027 2192 2070 fieri
2226 2034 2373 2084 potest
2411 2028 2623 2073 reditus.“

436 2094 526 2149 XI,
542 2095 616 2137 54:
646 2093 740 2150 „Hi
771 2094 910 2138 nostri
942 2093 1110 2139 reditus
1140 2096 1448 2154 expectatique
1474 2095 1733 2152 triumphi,“
1763 2095 1988 2152 intellege:
2018 2101 2164 2138 tantae
2192 2102 2293 2138 sunt
2320 2111 2388 2140 res
2415 2095 2625 2141 adversae

434 2164 552 2204 inter
582 2176 691 2217 quas
721 2162 991 2204 redeundum
1021 2162 1148 2205 nobis
1171 2169 1250 2206 est.
1308 2155 1493 2218 X'‚436:
1523 2163 1732 2220 „Egregii
1764 2162 1902 2204 forma
1931 2161 2006 2205 sed
2038 2163 2138 2218 quis
2159 2162 2337 2205 fortuna
2358 2170 2541 2221 negarat
2570 2163 2623 2208 In

436 2229 622 2285 patriam
653 2229 867 2282 reditus,“
896 2230 1045 2272 nescio
1067 2245 1121 2271 an
1142 2245 1272 2273 verus
1296 2230 1480 2287 pluralis
1502 2229 1837 2288 adgnoscendus
1858 2231 1929 2283 sit,
1959 2231 2126 2286 quippe
2148 2230 2223 2284 qui
2243 2235 2288 2272 et
2307 2229 2363 2272 ad
2385 2229 2624 2275 Pallantem

439 2302 484 2339 et
513 2295 570 2338 ad
600 2296 797 2338 Lausum
829 2297 1071 2347 referatur;
1102 2298 1219 2340 sicut
1238 2297 1445 2354 Tibullus
1465 2299 1504 2351 1,
1521 2300 1562 2351 3,
1584 2299 1654 2339 13:
1686 2296 1892 2351 „Cuncta
1921 2297 2087 2337 dabant
2115 2297 2326 2350 reditus,“
2355 2298 2476 2353 quod
2506 2299 2624 2341 hunc

437 2362 482 2405 in
499 2361 681 2406 modum
698 2362 911 2419 explices:
931 2378 1081 2408 omnes
1098 2370 1231 2419 artes,
1253 2357 1416 2421 quibus
1437 2363 1566 2407 Delia
1587 2379 1743 2406 numen
1766 2363 1950 2405 deorum
1972 2363 2026 2405 de
2042 2364 2205 2405 Tibulli
2226 2365 2380 2407 itinere
2396 2367 2624 2422 explorare

437 2429 682 2484 studuerat,
713 2428 967 2484 effecerunt,
997 2445 1079 2486 pro
1107 2446 1155 2476 se
1185 2447 1401 2489 quaeque,
1433 2438 1482 2475 ut
1512 2430 1677 2475 reditus
1706 2430 1894 2473 daretur.
1911 2457 1963 2464 —
1982 2432 2037 2472 A.
2068 2430 2151 2484 IV,
2173 2432 2275 2474 293:
2307 2447 2431 2486 „sese
2459 2434 2627 2476 interea

439 2497 620 2555 quando
650 2502 835 2554 optuma
865 2495 986 2540 Dido
1005 2496 1190 2543 Nesciat
1213 2506 1258 2544 et
1276 2504 1422 2544 tantos
1443 2498 1590 2555 rumpi
1610 2513 1697 2541 non
1729 2504 1876 2555 speret
1896 2514 2066 2543 amores
2088 2497 2422 2556 Temptaturum
2443 2500 2625 2544 aditus

437 2573 486 2608 et
517 2579 632 2622 quae
661 2564 913 2608 mollissima
940 2564 1062 2609 fandi
1092 2565 1326 2625 Tempora,
1357 2568 1456 2624 quis
1481 2566 1613 2610 rebus
1641 2565 1798 2609 dexter
1824 2565 2025 2611 modus.“
2069 2565 2135 2628 ,In
2162 2567 2296 2611 verbo
2318 2566 2509 2611 adeundi
2533 2569 2625 2625 jam

436 2634 554 2677 inest
569 2633 692 2676 notio
708 2633 1073 2676 communicandi.
1102 2634 1243 2692 Atqui
1256 2636 1391 2682 semel
1409 2635 1639 2679 consilium
1654 2634 1956 2691 proficiscendi
1974 2649 2071 2679 cum
2094 2634 2271 2679 Didone
2286 2636 2627 2681 communicasse

439 2701 550 2746 satis
579 2701 743 2744 habere
773 2708 949 2758 poterat
978 2704 1161 2746 Aeneas.
1218 2703 1377 2760 Itaque
1407 2703 1463 2747 de
1492 2718 1596 2746 vero
1626 2703 1789 2759 plurali
1819 2704 2007 2761 cogitari
2035 2719 2120 2746 non
2151 2710 2310 2760 potest.
2370 2704 2626 2762 Intellegas:

439 2784 489 2814 se
518 2774 834 2826 temptaturum
866 2768 1139 2815 conditiones
1167 2785 1314 2816 rerum
1348 2777 1620 2830 opportunas
1652 2771 1766 2814 inter
1795 2786 1906 2827 quas
1935 2770 2158 2815 Didonem
2186 2770 2308 2816 adire
2337 2779 2501 2831 posset.
2558 2772 2629 2827 Ea

440 2852 554 2894 quae
597 2843 858 2893 sequuntur:
904 2853 1020 2894 quae
1063 2838 1321 2884 mollissima
1367 2838 1490 2882 fandi
1526 2846 1748 2896 tempora,
1792 2840 2040 2883 accuratius
2086 2839 2323 2896 definiunt,
2374 2841 2476 2884 novi
2516 2840 2626 2883 nihil

438 2904 625 2960 addunt,
655 2911 702 2948 et
728 2905 776 2948 in
806 2904 995 2949 eundem
1022 2904 1201 2950 modum
1229 2896 1487 2964 comparata
1515 2913 1583 2951 est
1611 2913 1709 2950 tote
1734 2908 1946 2950 sententia
1965 2915 2097 2964 atque
2118 2923 2169 2951 ea
2189 2923 2302 2964 quae
2322 2908 2473 2965 paullo
2493 2921 2628 2964 supra
