2952 3777
1270 286 1609 340 ...33-

344 417 510 481 Tamen
537 431 686 461 amore
715 416 951 474 pluraliter
984 402 1160 461 dicendi
1187 432 1269 462 suo
1303 417 1516 476 abreptus
1543 417 1773 479 Vergilius
1800 419 2015 477 pluralem
2044 420 2224 498 retinuit
2257 421 2364 478 (nisi
2390 423 2530 470 mavis

344 486 440 529 eam
469 484 805 542 explicationem
831 484 1053 541 amplecti,
1081 500 1214 541 quam
1241 479 1374 529 infla
1381 486 1440 530 ad
1466 500 1573 534 aera
1599 486 1798 544 protuli).

456 550 592 608 Quod
621 551 845 609 vidimus,
866 552 1119 610 frequenter
1154 554 1358 611 usurpari
1393 566 1622 599 numerum·
1648 553 1920 611 plurativum
1949 555 2052 599 colli
2080 562 2127 598 et
2150 555 2289 614 tergi,
2323 563 2374 598 ut
2401 557 2530 613 quasi

342 619 638 678 depingantur
665 620 882 676 serpentis
911 620 1148 676 volumina,
1178 635 1311 678 porro
1341 619 1473 677 VIII,
1494 621 1604 678 460,
1641 620 1719 665 ubi
1745 620 1975 679 leguntur.
2004 622 2272 679 „pantherae
2302 629 2430 681 terga
2459 638 2529 667 re-

341 691 600 743 torquens‚“
629 688 875 731 vestimenti
899 702 1039 730 nexus
1066 688 1226 744 plurali
1245 688 1406 734 clarius
1436 688 1668 746 ostendi,
1654 704 1702 732 ιιι
1729 687 1827 732 aliis
1856 703 2033 745 quoque
2063 695 2109 732 et
2134 689 2352 734 similibus
2378 689 2527 735 verbis

342 755 523 813 reperiri
552 762 700 813 potest
727 754 799 799 hic
827 769 944 800 usus.
1000 754 1189 809 11‚133:
1217 755 1353 811 „mihi
1383 770 1507 801 sacra
1534 755 1679 815 parari
1710 745 1771 800 Et
1797 755 1941 801 salsae
1968 756 2120 815 fruges
2150 763 2194 800 et
2222 757 2384 802 circum
2411 764 2525 803 tem-

341 838 451 880 pora
479 824 663 867 vittae.
667 826 696 851 “
755 824 859 866 156:
887 824 1138 880 „vittaeque
1163 824 1292 868 deum
1322 840 1432 881 quas
1461 825 1615 875 hostia
1632 824 1792 884 gessi.“
1859 824 1960 866 168:
1987 824 2306 880 „manibusque
2334 827 2524 871 cruentis

339 890 574 950 Virgineas
611 891 706 935 ausi
736 890 861 934 divae
897 892 1151 949 contingere
1182 892 1360 936 vittas.“
1388 919 1444 926 —
1471 892 1590 936 Tum*
1609 892 1649 948 1,
1671 892 1778 937 492:
1808 892 1990 948 „Aurea
2027 892 2293 935 subnectens
2328 899 2525 938 exsertae

341 959 563 1017 cingula
592 961 849 1002 mammae.“
892 959 980 1014 IX,
997 961 1101 1003 360:
1129 959 1382 1017 „Euryalus
1410 960 1613 1016 phalerae
1631 953 1886 1004 Rhamnetis
1916 965 1961 1002 et
1979 975 2111 1002 aurea
2137 959 2268 1003 bullis
2290 958 2525 1017 Cingula.“

339 1025 450 1081 XII,
467 1026 568 1069 9422
599 1026 745 1081 „notis
775 1026 992 1069 fulserunt
1021 1026 1197 1084 cingula
1233 1026 1367 1070 bullis
1395 1027 1607 1071 Pallantis
1635 1028 1804 1084 pueri.“
1820 1053 1875 1060 —
1893 1026 2067 1070 Deinde
2097 1025 2154 1069 G.
2169 1026 2259 1081 111,
2276 1028 2348 1070 25:
2378 1027 2523 1082 „Pur-

337 1108 476 1150 purea
504 1093 660 1137 intexti
688 1093 847 1136 tollant
876 1094 1063 1137 aulaea
1093 1093 1325 1137 Britanni“
1353 1095 1476 1138 sinus
1504 1094 1646 1137 aulaei
1674 1095 1982 1150 respiciuntur.
1998 1120 2052 1126 —
2069 1093 2209 1136 Porro
2238 1094 2333 1138 1⁴:01.
2350 1095 2429 1149 VI,
2449 1096 2520 1139 16:

335 1159 529 1223 „Serta
558 1160 729 1217 procul,
759 1166 930 1203 tantum
960 1162 1092 1218 capiti
1121 1161 1315 1219 delapsa,
1340 1163 1588 1220 jacebant.“
1636 1163 1788 1218 Atque
1817 1162 1875 1203 A.
1902 1161 2127 1215 V11‚390:
2158 1161 2329 1216 „solum
2356 1168 2401 1205 te
2430 1163 2521 1206 vir-

338 1228 441 1284 gine
472 1227 653 1285 dignum
683 1227 968 1284 Vociferans,
1001 1230 1158 1272 etenim
1186 1229 1328 1274 mollis
1359 1230 1440 1272 tibi
1470 1244 1640 1273 sumere
1668 1228 1921 1286 thyrsos“
1955 1235 2035 1271 cet.
2067 1242 2143 1271 cur
2171 1228 2319 1284 plures
2347 1229 2520 1287 thyrsos

339 1296 446 1339 velit
482 1296 622 1354 accipi
656 1296 926 1352 Ladevicus,
971 1298 1171 1354 equidem
1203 1298 1369 1356 ignoro.
1429 1296 1559 1342 Unus
1601 1297 1784 1349 sufficit3
1821 1297 2004 1354 pluralis
2040 1311 2144 1339 vero
2182 1298 2350 1352 positus
2385 1314 2520 1354 quum

335 1371 518 1422 propter
546 1365 691 1421 ipsum
719 1365 916 1422 thyrsum
945 1366 1124 1421 lentum,
1155 1375 1248 1409 tum
1279 1365 1334 1409 ob
1360 1366 1550 1422 pampini
1579 1364 1856 1422 hederaeque
1885 1379 2041 1417 nexus;
2071 1365 2125 1407 cf.
2143 1364 2236 1406 Eel.
2252 1364 2309 1419 V,
2325 1366 2399 1409 31:
2429 1367 2520 1421 „Et

334 1431 451 1475 foliis
488 1431 630 1476 lentas
665 1433 857 1475 intexere
893 1433 1099 1477 mollibus
1135 1433 1327 1477 hastas.“
1353 1459 1408 1466 —
1439 1433 1644 1489 Denique
1672 1433 1729 1476 A.
1748 1432 1833 1488 VI,
1860 1435 1961 1475 141:
1997 1432 2117 1488 „Sed
2149 1447 2233 1475 non
2260 1438 2360 1475 aute
2390 1432 2521 1477 datur

333 1500 503 1543 telluris
534 1507 689 1557 operta
709 1501 852 1543 subire
882 1502 1083 1544 Aurico
1095 1518 1199 1546 mos
1228 1517 1357 1557 quam
1381 1502 1457 1558 qui
1477 1501 1745 1557 decerpserit
1769 1500 1924 1544 arbore
1954 1501 2138 1555 fetus,“
2167 1501 2241 1556 qui
2261 1500 2386 1543 locus
2406 1515 2518 1556 quo-

335 1567 464 1611 modo
502 1567 586 1611 huc
623 1569 842 1624 pertineat
881 1583 1122 1627 cognoscas
1159 1585 1212 1613 ex
1250 1570 1331 1613 136
1362 1584 1473 1626 seq.:
1509 1569 1647 1624 „latet
1680 1568 1841 1612 arbore
1878 1583 2015 1625 opaca
2045 1570 2218 1610 Aureus
2253 1574 2297 1610 et
2326 1568 2443 1612 foliis
2472 1578 2518 1613 et

333 1636 668 1696 lento-vimine
701 1640 896 1691 ramus,“
928 1637 1007 1679 etsi
1039 1637 1093 1679 de
1124 1652 1174 1680 ea
1203 1652 1379 1694 quoque
1409 1636 1655 1694 explicandi
1684 1637 1756 1680 via
1784 1636 1969 1694 cogitari
1999 1642 2164 1693 potest,
2195 1651 2325 1692 quam
2354 1635 2411 1679 ad
2441 1652 2516 1680 ex-

333 1703 570 1762 pediendas
607 1704 762 1747 cristas
800 1720 850 1747 ac
879 1704 1035 1749 barbas
1067 1720 1202 1763 supra
1230 1705 1413 1764 ingressi
1442 1719 1615 1761 sumus,
1651 1705 1723 1748 vel
1751 1703 1806 1749 de
1834 1711 2021 1761 utraque
2050 1704 2247 1747 fortasse.
2306 1702 2392 1748 Ov.
2407 1704 2517 1749 Met.

331 1773 396 1828 11,
419 1774 523 1816 420:
554 1773 718 1827 „Exuit
748 1772 819 1815 hic
848 1773 1028 1816 humero
1057 1774 1309 1831 pharetram
1338 1773 1566 1829 lentosque
1595 1773 1787 1816 retendit
1813 1774 2028 1816 Arcus.“
2085 1771 2171 1826 111,
2196 1773 2298 1814 166:
2328 1772 2516 1829 „phare-

329 1848 530 1897 tramque
566 1833 779 1896 arcusque
808 1845 1045 1886 retentos.“
1076 1869 1128 1875 —
1161 1842 1256 1885 Nec
1292 1843 1440 1897 inepte
1473 1841 1541 1885 his
1568 1841 1861 1884 adnectuntur
1888 1855 2100 1896 cursus,
2126 1855 2261 1897 quem
2290 1840 2508 1897 pluralem

326 1910 381 1954 iis
401 1909 675 1966 potissimum
705 1909 813 1954 locis
837 1909 883 1952 in
903 1925 1029 1954 usum
1058 1925 1214 1954 vocare
1233 1908 1462 1968 Vergilius
1491 1916 1621 1964 amat,
1648 1909 1724 1953 ubi
1747 1908 1888 1953 flexus
1913 1908 2083 1957 itineris
2107 1905 2293 1954 indie-ri
2310 1907 2506 1953 interest.

265 1985 268 1988 ’
331 1979 385 2022 Α.
406 1977 496 2032 111,
523 1978 622 2020 146:
658 1977 804 2033 „unde
839 1977 1039 2022 laborum
1075 1978 1310 2036 Temptare
1338 1977 1549 2022 auxilium
1573 1976 1743 2035 jubeat,
1780 1992 1868 2033 quo
1903 1982 2121 2019 vertere
2157 1980 2358 2020 cursus.“
2412 1978 2499 2021 430

329 2045 564 2103 „Praestat
583 2045 794 2089 Trinacrii
825 2056 959 2090 metas
988 2047 1173 2091 lustrare
1202 2046 1401 2105 Pachyni
1422 2043 1676 2091 cessantem
1701 2044 1860 2103 longos
1880 2050 1924 2089 et
1953 2043 2378 2088 circumflectere
2407 2058 2507 2088 cur-

330 2118 451 2157 sus.“
509 2113 567 2168 V,
593 2113 694 2155 1312
730 2114 877 2169 „unde
913 2115 1076 2158 reverti
1107 2114 1281 2159 Scirent
1316 2119 1359 2158 et
1384 2113 1538 2172 longos
1575 2111 1652 2156 ubi
1678 2112 2019 2156 circumflectere
2050 2116 2248 2155 cursus.“
2305 2111 2388 2166 IV,
2413 2112 2512 2154 196:

328 2181 568 2237 „Protinus
590 2180 645 2222 ad
663 2196 811 2237 regem
832 2197 983 2225 cursus
1013 2183 1301 2239 detorquet
1327 2182 1360 2225 J
1362 2181 1540 2224 arban.“
1583 2180 1642 2236 V,
1658 2181 1760 2224 738:
1791 2187 1997 2236 „torquet
2026 2179 2193 2222 medios
2214 2179 2315 2221 Nox
2332 2178 2511 2221 humida

329 2252 527 2293 cursus.“
570 2247 653 2303 VI,
671 2249 773 2291 350:
803 2249 1038 2305 „Namque
1058 2250 1372 2306 gubernaclum
1394 2249 1533 2291 multa
1561 2248 1604 2290 vi
1623 2248 1738 2292 forte
1767 2248 1985 2292 revolsum
2006 2246 2093 2290 Cui
2123 2246 2251 2289 datus
2272 2245 2510 2289 haerebam

330 2323 479 2360 custos
511 2331 748 2371 cursusque
778 2316 981 2373 regebam
1012 2317 1310 2372 praecipitans
1338 2317 1454 2358 traxi
1482 2319 1705 2367 mecum;“
1730 2316 1817 2358 fert
1846 2329 1916 2357 res
1943 2316 2052 2371 ipsa,
2082 2321 2133 2356 ut
2162 2313 2343 2370 pluralis
2371 2313 2511 2356 flexus

325 2384 534 2442 respiciat
553 2383 721 2427 itineris
741 2383 961 2439 maritimi,
992 2383 1154 2439 quibus
1176 2383 1445 2441 gubernator
1465 2382 1659 2439 prudens
1678 2382 1809 2426 modo
1829 2398 1933 2426 saxa
1954 2383 2148 2438 vadaque
2168 2381 2355 2436 devitat,
2376 2381 2510 2423 modo

329 2458 463 2497 vento
493 2451 613 2496 cedit
640 2466 721 2495 nec
749 2457 893 2507 tamen
923 2468 1128 2509 umquam
1158 2458 1315 2495 metam
1345 2452 1598 2508 prospicere
1627 2450 1803 2495 desinit.
1860 2449 2004 2494 Simili
2034 2450 2165 2493 modo
2195 2455 2341 2506 potest
2369 2449 2509 2505 expli-

326 2516 414 2565 cari
443 2518 564 2577 quod
584 2519 748 2577 legitur
768 2518 876 2574 VH,
892 2521 939 2564 8:
968 2519 1242 2577 „Adspirant
1271 2534 1402 2563 aurae
1429 2519 1474 2562 in
1492 2525 1666 2564 noctem
1685 2534 1769 2563 nec
1789 2518 1976 2562 candida
2001 2533 2157 2562 cursus
2177 2518 2309 2561 Luna
2328 2519 2508 2574 negat,“

327 2602 592 2645 quamquam
614 2599 657 2630 et
686 2586 758 2630 hic
787 2593 832 2630 et
852 2587 949 2631 aliis
977 2587 1085 2632 locis
1105 2595 1251 2645 potest
1280 2593 1517 2645 usurpatus
1537 2600 1631 2641 esse
1657 2586 1842 2644 pluralis
1862 2586 2134 2644 singularum
2162 2585 2293 2643 spatii
2313 2585 2508 2641 partium

326 2656 476 2699 habita
512 2654 691 2697 ratione.
749 2653 881 2709 Quod
911 2655 1025 2699 idem
1056 2655 1110 2699 de
1139 2654 1230 2710 ΙΙΙ,
1252 2655 1354 2698 695:
1393 2655 1646 2713 „Alpheum
1682 2654 1800 2698 fama
1827 2662 1895 2698 est
1929 2654 2015 2698 huc
2044 2653 2186 2698 Elidis
2216 2667 2387 2696 amnem
2415 2650 2508 2697 Oc-

325 2726 468 2767 cultas
497 2725 636 2781 egisse
663 2724 775 2766 vias
804 2730 953 2779 supter
981 2726 1130 2765 mare“
1160 2722 1247 2765 dici
1276 2728 1447 2779 posset,
1476 2722 1560 2765 nisi
1586 2720 1721 2765 verbo
1747 2722 1866 2777 quod
1897 2728 1963 2765 est
1991 2721 2184 2763 occultas
2214 2720 2336 2778 prior
2364 2719 2507 2777 expli-

323 2792 437 2834 catio
466 2791 606 2848 magis
627 2791 894 2833 conveniret.
939 2790 1014 2835 Sic
1042 2792 1173 2833 etiam
1201 2790 1286 2843 XI,
1302 2791 1405 2832 525:
1434 2789 1572 2846 ‚‚(Est
1585 2788 1740 2846 valles)
1769 2803 1903 2844 quam
1930 2788 2077 2833 densis
2106 2787 2339 2829 frondibus
2358 2793 2507 2829 atrum

321 2857 468 2916 Urget
492 2858 711 2914 utrimque
738 2858 854 2902 latus
882 2858 1027 2903 tenuis
1057 2872 1143 2915 quo
1172 2856 1327 2902 semita
1355 2856 1479 2901 ducit
1505 2856 1825 2914 Angustaeque
1860 2855 2010 2898 ferunt
2043 2855 2190 2899 fauces
2228 2853 2509 2909 aditusque

320 2925 545 2984 maligni.“
573 2951 630 2959 —

2173 3002 2197 3038 5
