2952 3777
314 452 475 500 borum
508 407 709 498 ubertate
741 467 910 498 ramum
942 467 1124 499 aureum
1157 451 1322 500 occulit
1355 449 1662 518 abdxtumqus
1671 457 1848 512 tuetur,
1884 453 1940 498 cf.
1966 453 2049 499 138
2069 468 2183 514 seq:
2221 454 2363 510 „hunc
2388 455 2506 514 tegit

315 523 458 567 omnis
491 521 643 567 Lucus
677 526 723 566 et
755 521 955 567 obscuris
989 521 1204 566 claudunt
1239 519 1510 567 convallibus
1543 509 1770 574 umbos.
1824 519 1934 575 Vn,
1952 523 2026 566 11:
2057 521 2222 578 „Dives
2258 521 2506 569 inaccessos

316 591 396 635 ubi
430 590 548 636 Solis
574 590 663 634 filia
701 590 826 634 lucos
862 589 1067 635 Adsiduo
1102 594 1323 635 resonat.“
1360 590 1430 635 82.
1456 590 1554 634 697.
1597 581 1705 655 m}
1729 588 1944 646 „Tectum
1966 616 2023 624 —
2051 589 2177 636 Urbe
2205 589 2293 635 fuit
2322 604 2505 645 summa,

316 657 556 703 Laurentis
598 658 722 715 regia
764 656 862 701 Pici
904 657 1190 701 Horrendum
1231 657 1386 703 silvis
1425 663 1471 701 et
1513 672 1563 701 re
1748 664 2019 715 parentum.
2023 663 2047 686 “
2077 658 2325 714 —Neque
2367 658 2505 713 frons,

318 726 518 783 quamvis
537 725 597 770 sit
615 725 738 769 notio
759 724 1020 783 generalior,
1040 724 1096 768 ab
1116 724 1201 769 hac
1220 725 1537 777 adsimilatione
1556 723 1669 773 abl:
1805 731 1941 782 atque
1958 726 2322 784 significationem
2340 724 2507 769 densae

317 793 489 838 frondis
538 792 742 837 adsumit.
811 793 916 836 565:
959 792 1134 847 „densis
1189 792 1309 836 hunc
1358 790 1680 843 frondibus
1694 797 1846 837 atrum
1895 791 2076 852 Urguet
2124 794 2346 850 utrimque
2390 792 2508 837 latus

318 861 553 914 nemoris,“
584 860 640 903 cf.
655 859 740 913 XI,
756 860 852 902 523.
872 860 935 915 X,
955 861 1055 904 190:
1077 859 1325 916 „Populeas
1344 859 1460 903 inter
1477 859 1963 916 frondesnmbramque
1983 875 2184 904 sororum
2202 859 2324 903 Dum
2343 860 2503 903 canit.“

320 927 379 972 G.
397 928 458 982 11,
475 929 550 971 55:
588 926 747 981 „Nunc
776 926 887 970 altae
916 925 1095 970 frondes
1124 932 1169 970 et
1198 927 1308 970 rami
1335 926 1486 971 matris
1513 924 1745 985 opacant?
1779 932 1824 971 et
1850 927 2039 984 saepius.
2098 926 2242 973 Simili
2270 926 2402 971 modo
2431 942 2507 971 ex-

318 996 524 1040 hibentur
553 994 797 1053 gramina
825 1010 904 1052 pro
934 994 1128 1053 gramine
1156 994 1272 1038 laete
1300 995 1484 1038 virente.
1529 996 1586 1039 A.
1602 990 1827 1050 VI1,'”655=
1857 994 1995 1050 „Post
2021 995 2102 1040 hos
2126 995 2342 1054 insignem
2361 995 2507 1053 palma

319 1080 399 1121 per
433 1064 629 1121 gramina
664 1077 838 1106 currum
866 1062 1158 1118 Victoresque
1185 1068 1379 1105 ostentat
1407 1066 1585 1118 equos.“
1642 1060 1765 1123 ,3⁶1²
1787 1064 1863 1107 56:
1894 1070 2053 1119 „atque
2087 1065 2252 1120 injussa
2279 1063 2507 1106 virescunt

322 1131 577 1176 Gramina.“
636 1128 724 1174 Sed
753 1130 808 1173 A.
832 1128 940 1184 VII,
963 1130 1068 1174 809:
1107 1129 1220 1184 „Illa
1237 1129 1316 1172 ‘vel
1345 1130 1532 1173 intactae
1566 1129 1729 1188 segetis
1756 1144 1838 1188 per
1865 1144 2036 1175 summa
2068 1131 2236 1181 volaret
2263 1128 2505 1174 Gramina“

320 1213 467 1243 veram
496 1197 707 1241 habemus
737 1198 1057 1254 metonymiam.
1086 1222 1142 1230 —
1171 1196 1375 1253 Denique
1409 1196 1504 1240 Ecl.
1520 1196 1611 1254 111,
1627 1196 1704 1241 20:
1737 1203 1813 1253 „tu
1838 1204 1943 1255 post
1971 1198 2183 1256 clarecta
2211 1196 2420 1242 latebas.“
2448 1223 2507 1230 —

324 1265 641 1310 Convertamur
664 1266 757 1322 jam
787 1265 843 1308 ad
873 1265 1131 1320 aliayverba,
1161 1281 1272 1321 quae
1301 1281 1418 1309 mare
1447 1264 1593 1309 lacum
1620 1264 1786 1310 flumen
1813 1265 1976 1310 fontem
1997 1266 2212 1319 indicant3
2239 1281 2291 1309 ac
2317 1267 2508 1323 primum

324 1334 500 1392 quidem
545 1333 599 1377 de
640 1333 1005 1389 frequentissimis
1049 1333 1378 1388 aequoribus
1424 1333 1634 1378 nonnulla
1675 1333 2057 1378 commemoranda
2096 1340 2214 1378 sunt.
2278 1331 2510 1391 Significat

324 1409 472 1447 autem
502 1416 665 1458 aequor
694 1402 875 1458 proprie
898 1416 1069 1445 omnem
1097 1401 1325 1457 planitiem
1361 1407 1406 1445 et
1432 1407 1575 1445 terrae
1604 1408 1649 1445 et
1677 1416 1838 1459 aquae,
1871 1416 2185 1458 versamurque
2210 1401 2256 1444 in
2284 1401 2509 1458 angustiis,

323 1485 492 1526 nonne,
522 1469 789 1526 ubicumque
825 1469 1054 1526 pluraliter
1082 1469 1323 1525 invenitur,
1363 1468 1490 1514 nobis
1525 1468 1830 1527 accipiendum
1859 1470 1936 1525 sit,
1972 1474 2146 1527 poetam
2184 1483 2232 1513 re
2261 1482 2367 1512 vera
2394 1467 2509 1511 mul·

325 1539 559 1582 titudinem
588 1538 780 1593 aliquam
816 1543 1047 1593 spectasse.
1106 1535 1240 1590 Quod
1278 1538 1370 1581 veri
1398 1537 1537 1591 simile
1565 1537 1747 1582 videtur*
1774 1538 1830 1582 iis
1859 1538 1969 1582 locis
1997 1537 2075 1581 ubi
2112 1536 2171 1580 de
2198 1543 2316 1580 terra
2345 1535 2508 1594 agitur,

325 1607 431 1664 quia
468 1621 603 1662 quum
627 1604 812 1647 verbum
842 1604 1124 1660 singulariter
1152 1604 1336 1661 legitur,
1372 1605 1492 1648 notio
1516 1605 1646 1650 unius
1680 1605 1825 1662 campi
1853 1605 1975 1666 plani
2003 1619 2176 1661 semper
2209 1604 2325 1647 clare.
2353 1604 2507 1647 elucet.

326 1673 535 1718 Conferas
564 1686 724 1727 quaeso
755 1686 868 1727 quae
898 1677 998 1714 sunt
1026 1672 1082 1713 A.
1098 1670 1201 1726 VII,
1219 1672 1323 1715 728:
1355 1686 1493 1728 „quos
1522 1671 1577 1715 de
1605 1671 1793 1717 collibus
1822 1673 1921 1716 altis
1940 1672 2146 1716 Aurunci
2174 1672 2329 1715 misere
2357 1677 2509 1728 patres

325 1740 609 1796 Sidicinaque
643 1740 770 1796 juxta
799 1739 1056 1795 Aequora;“
1096 1738 1200 1783 738:
1230 1737 1467 1794 „Sarrastis
1503 1739 1692 1797 populos
1721 1745 1768 1785 et
1798 1755 1909 1796 quae
1935 1741 2051 1799 rigat
2077 1755 2268 1795 aequora
2297 1738 2509 1795 Sarnus,“

326 1817 458 1867 atque
499 1810 602 1853 781:
646 1807 812 1862 „Filius
842 1806 1038 1852 ardentis
1079 1806 1198 1851 haud
1231 1807 1373 1852 secius
1409 1820 1598 1864 aequore
1631 1809 1774 1866 campi
1817 1807 2067 1852 Exercebat
2102 1811 2290 1863 equos;“
2334 1807 2509 1859 IX,68:

328 1892 470 1935 „quae
506 1877 579 1920 via
613 1876 785 1920 clausos
822 1874 1032 1918 Excutiat
1066 1874 1264 1919 Teucros
1300 1874 1416 1918 vallo
1461 1880 1596 1932 atque
1632 1873 1831 1921 effundat
1865 1876 1911 1920 in
1946 1880 2137 1933 aequor“
2175 1876 2250 1933 (ex
2276 1874 2512 1919 Ribbeckii

326 1948 578 2004 conjectura
606 1943 841 1986 admodum
871 1942 1130 2000 probabili),
1159 1942 1223 1999 X,
1237 1943 1342 1986 444:
1373 1943 1524 1997 „Haec
1551 1943 1628 1999 ait,
1656 1949 1703 1987 et
1727 1943 1836 1990 socii
1864 1950 2094 1988 cesserunt
2122 1956 2315 2000 aequore
2340 1944 2483 2000 juss03
2472 1946 2511 1969 ·“

326 2016 432 2057 451:
464 2013 604 2068 „fatus
634 2011 827 2054 medium
855 2010 1094 2067 procedit·
1081 2026 1127 2053 in
1156 2025 1333 2067 aequor.
1338 2014 1361 2037 “
1421 2009 1511 2055 Sed
1540 2012 1579 2056 si
1607 2010 1663 2055 de
1680 2011 1802 2059 mari
1831 2011 2116 2070 cogitandum
2145 2018 2227 2067 est,
2256 2017 2307 2054 ut
2335 2010 2516 2055 adsimi-

328 2082 534 2126 lationem
566 2079 872 2136 intellegamus
901 2078 1161 2121 adducimur
1190 2093 1290 2121 cum
1321 2073 1522 2136 analogia
1549 2086 1645 2123 tum
1675 2068 1784 2137 ifsis
1811 2079 1920 2123 locis
1939 2080 2256 2136 frequentibus,
2285 2079 2361 2135 qui
2388 2079 2515 2134 quasi

329 2154 517 2207 poscunt
553 2146 772 2190 notionem
808 2145 1089 2203 singularem.
1149 2145 1488 2190 Consideremus
1518 2146 1558 2202 1,
1572 2146 1652 2191 43:
1688 2145 1985 2204 „Disjecitque
2021 2153 2137 2191 rates
2166 2145 2412 2202 evertitque
2441 2160 2514 2188 ae-

329 2232 468 2275 quora
497 2214 654 2260 ventis.
660 2218 683 2241 “
741 2212 810 2257 Ac
849 2228 977 2257 nemo
1012 2229 1100 2257 non
1130 2214 1282 2270 sentit,
1319 2213 1404 2259 hoc
1437 2215 1537 2259 loco
1573 2204 1712 2259 multo
1745 2214 1890 2258 minus
1925 2213 1971 2257 id
2008 2215 2083 2272 agi
2119 2221 2168 2258 ut
2196 2214 2344 2273 pelagi
2378 2214 2515 2271 plana

327 2286 460 2343 longe
479 2284 655 2339 lateque
682 2282 878 2338 patentia
898 2282 1198 2339 designentur,
1227 2296 1360 2338 quam
1389 2289 1439 2325 ut
1457 2283 1604 2340 imago
1632 2277 1765 2326 maris
1784 2281 1931 2325 rabidi
1955 2281 2332 2359 turbidissimique
2353 2281 2516 2327 fortius

331 2352 579 2397 extollatur.
638 2348 811 2403 Quodsi
848 2349 1119 2405 quaerimus,
1157 2363 1372 2405 quaenam
1407 2363 1555 2392 rerum
1588 2348 1827 2394 multitudo
1862 2350 1909 2393 in
1945 2350 2054 2393 mari
2088 2349 2216 2393 facile
2251 2356 2518 2407 compareat,

329 2420 387 2464 ad
417 2418 558 2463 undas
588 2417 847 2461 fluctuantes
885 2416 1033 2460 statim
1063 2416 1478 2472 deferturauimus,
1514 2415 1634 2461 unde
1661 2416 1852 2463 efficitur
1886 2424 1940 2461 ut
1968 2433 2163 2474 aequora
2192 2418 2276 2462 hoc
2303 2418 2404 2461 loco
2438 2433 2518 2461 va-

328 2488 451 2530 leant
469 2501 633 2541 aequor
661 2485 897 2535 undosum3
926 2484 1147 2541 prolepsin
1168 2499 1290 2538 vere,
1319 2499 1432 2540 quae
1456 2485 1584 2541 inest,
1604 2486 1697 2542 Jam
1715 2484 2016 2543 cognovimus.
2060 2484 2137 2529 Sic
2155 2486 2287 2529 etiam
2306 2485 2394 2539 111,
2410 2485 2517 2527 668:

332 2553 587 2607 „Verrimus
620 2559 665 2595 et
700 2552 829 2607 proni
864 2551 1134 2595 certantibus
1171 2566 1366 2606 aequora
1395 2552 1538 2595 remis.
1542 2555 1566 2579 “
1623 2551 1688 2623 X,
1706 2547 1811 2595 ³166:
1841 2551 2092 2607 „Massicus
2130 2559 2277 2595 aerata
2310 2553 2515 2609 princeps

331 2627 451 2664 secat
486 2633 678 2674 aequora
706 2618 848 2675 Tigri,
851 2622 880 2646 “
915 2634 997 2662 nec
1033 2625 1145 2675 puto
1176 2619 1304 2662 aliter
1340 2635 1388 2663 se
1416 2618 1578 2662 habere
1612 2624 1726 2676 quae
1755 2626 1863 2664 sunt
1891 2620 1995 2662 214:
2032 2634 2240 2677 „campos
2274 2620 2380 2663 salis
2415 2633 2515 2661 aere

331 2687 546 2732 secabant
549 2689 578 2713 “
635 2686 762 2729 Idem
796 2685 1013 2728 indicatur
1049 2695 1195 2729 motus
1224 2686 1331 2740 VII,
1348 2688 1452 2729 464:
1481 2681 1752 2743 „Est
1781 2699 1907 2730 aestu
1943 2687 2149 2730 latices.
2153 2691 2183 2713 “
2241 2685 2333 2730 Sed
2368 2693 2518 2743 potest

332 2754 461 2799 etiam
491 2753 732 2798 adhaerere
761 2752 928 2797 animus
956 2753 1142 2811 singulis
1169 2754 1301 2796 maris
1330 2753 1529 2824 partibus
1563 2754 1627 2798 ita
1653 2758 1712 2803 ut
1732 2752 1979 2798 latitudinis
2013 2753 2137 2798 notio
2167 2759 2399 2812 augeatur,
2428 2768 2520 2810 qua

332 2821 553 2879 quidem'
540 2838 586 2864 1n
616 2836 665 2865 re
692 2820 1020 2865 concedendum
1050 2826 1130 2877 est,
1160 2835 1248 2863 non
1279 2822 1409 2878 posse
1437 2835 1610 2878 semper
1635 2821 1840 2869 ἀόαπταιο
1869 2820 2028 2879 dispici
2057 2837 2161 2865 num
2191 2821 2307 2864 forte
2335 2835 2383 2864 re
2410 2835 2514 2864 vera

333 2890 388 2935 de
418 2890 624 2948 pluribus
654 2888 918 2946 aequoribus
938 2889 1198 2948 cogitaverit
1224 2889 1417 2947 scriptor
1447 2888 1539 2944 111,
1553 2874 1661 2934 413:
1669 2887 1869 2952 ⁷„Lueva
1897 2889 1980 2933 tibi
2008 2889 2140 2934 tellus
2168 2894 2214 2933 et
2235 2888 2367 2946 longo
2385 2886 2516 2932 laeva

332 2963 542 3016 petantur
570 2958 779 3016 Aequora
806 2957 1007 3003 circuitu.
1010 2959 1039 2984 “
1096 2955 1203 3013 VII,
1218 2957 1323 3001 228.
1353 2956 1569 3015 „Diluvio
1597 2971 1652 3002 ex
1677 2948 1768 3002 illo
1783 2962 1851 3001 tot
1877 2963 2001 3002 vasta
2026 2972 2108 3015 per
2127 2971 2323 3014 aequora
2349 2956 2516 3013 vecti‚“

334 3042 470 3084 quum
501 3027 556 3073 de
576 3026 779 3086 Cyclope
809 3027 886 3085 qui
906 3028 953 3072 in
982 3042 1101 3072 mare
1120 3026 1419 3087 progreditur,
1448 3033 1500 3072 ut
1525 3025 1704 3072 oculum
1722 3024 1930 3071 effossum
1948 3025 2080 3080 lavet,
2109 3024 2282 3069 dicatur
2301 3024 2394 3082 m,
2407 3026 2515 3070 664:
