<?xml version="1.0" encoding="UTF-8"?>
<!DOCTYPE html PUBLIC "-//W3C//DTD XHTML 1.0 Transitional//EN"
    "http://www.w3.org/TR/xhtml1/DTD/xhtml1-transitional.dtd">
<html xmlns="http://www.w3.org/1999/xhtml" xml:lang="en" lang="en">
 <head>
  <title>
</title>
<meta http-equiv="Content-Type" content="text/html;charset=utf-8" />
  <meta name='ocr-system' content='tesseract 3.04.00' />
  <meta name='ocr-capabilities' content='ocr_page ocr_carea ocr_par ocr_line ocrx_word'/>
</head>
<body>
  <div class='ocr_page' id='page_1' title='image "4767270_0032.png"; bbox 0 0 2952 3777; ppageno 0'>
   <div class='ocr_carea' id='block_1_1' title="bbox 1283 200 1633 259">
    <p class='ocr_par' dir='ltr' id='par_1_1' title="bbox 1283 200 1633 259">
     <span class='ocr_line' id='line_1_1' title="bbox 1283 200 1633 252; baseline 0.003 -16"><span class='ocrx_word' id='word_1_1' title='bbox 1283 222 1357 236; x_wconf 72' lang='lat'>—</span> <span class='ocrx_word' id='word_1_2' title='bbox 1421 200 1492 252; x_wconf 50' lang='grc' dir='ltr'>ὃ</span> <span class='ocrx_word' id='word_1_3' title='bbox 1562 223 1633 237; x_wconf 71' lang='lat'>-</span> 
     </span>
     <span class='ocr_line' id='line_1_2' title="bbox 1283 248 1295 259; baseline 0 0"><span class='ocrx_word' id='word_1_4' title='bbox 1283 248 1295 259; x_wconf 63' lang='lat' dir='ltr'><strong>u</strong></span> 
     </span>
    </p>
   </div>
   <div class='ocr_carea' id='block_1_2' title="bbox 358 329 2551 1537">
    <p class='ocr_par' dir='ltr' id='par_1_2' title="bbox 360 329 2551 593">
     <span class='ocr_line' id='line_1_3' title="bbox 360 329 2551 396; baseline 0 -17"><span class='ocrx_word' id='word_1_5' title='bbox 360 333 779 394; x_wconf 67' lang='lat' dir='ltr'><strong>ptor.--‹Dsuique</strong></span> <span class='ocrx_word' id='word_1_6' title='bbox 803 333 1047 379; x_wconf 57' lang='lat' dir='ltr'><strong>ceramina</strong></span> <span class='ocrx_word' id='word_1_7' title='bbox 1074 338 1263 396; x_wconf 63' lang='lat' dir='ltr'><strong>‹at-quae</strong></span> <span class='ocrx_word' id='word_1_8' title='bbox 1284 337 1481 392; x_wconf 64' lang='lat' dir='ltr'><strong>cognata</strong></span> <span class='ocrx_word' id='word_1_9' title='bbox 1508 336 1627 377; x_wconf 79' lang='lat' dir='ltr'><strong>sunt.</strong></span> <span class='ocrx_word' id='word_1_10' title='bbox 1683 330 1774 385; x_wconf 77' lang='lat' dir='ltr'><strong>xl,</strong></span> <span class='ocrx_word' id='word_1_11' title='bbox 1798 330 1905 376; x_wconf 83' lang='grc'><strong>2213</strong></span> <span class='ocrx_word' id='word_1_12' title='bbox 1941 329 2112 396; x_wconf 74' lang='lat' dir='ltr'><strong>„solmu</strong></span> <span class='ocrx_word' id='word_1_13' title='bbox 2138 330 2338 388; x_wconf 70' lang='lat' dir='ltr'><strong>-poseiin</strong></span> <span class='ocrx_word' id='word_1_14' title='bbox 2366 339 2551 379; x_wconf 51' lang='lat' dir='ltr'><strong>sertum</strong></span> 
     </span>
     <span class='ocr_line' id='line_1_4' title="bbox 360 394 2550 464; baseline -0 -17"><span class='ocrx_word' id='word_1_15' title='bbox 360 403 506 447; x_wconf 67' lang='lat' dir='ltr'><strong>nina</strong></span> <span class='ocrx_word' id='word_1_16' title='bbox 533 402 778 447; x_wconf 51' lang='lat' dir='ltr'><strong>ramanae</strong></span> <span class='ocrx_word' id='word_1_17' title='bbox 833 399 947 456; x_wconf 61' lang='grc' dir='ltr'><strong>ΧΠ,</strong></span> <span class='ocrx_word' id='word_1_18' title='bbox 964 401 1072 464; x_wconf 67' lang='lat'><strong>463:</strong></span> <span class='ocrx_word' id='word_1_19' title='bbox 1100 396 1499 461; x_wconf 51' lang='lat' dir='ltr'><strong>‚scindentia</strong></span> <span class='ocrx_word' id='word_1_20' title='bbox 1515 399 1707 460; x_wconf 64' lang='lat' dir='ltr'><strong>ealigine</strong></span> <span class='ocrx_word' id='word_1_21' title='bbox 1725 397 1924 444; x_wconf 68' lang='lat' dir='ltr'><strong>murnum</strong></span> <span class='ocrx_word' id='word_1_22' title='bbox 1936 396 2376 455; x_wconf 59' lang='lat' dir='ltr'><strong>Vestigstalamus,</strong></span> <span class='ocrx_word' id='word_1_23' title='bbox 2404 394 2550 446; x_wconf 72' lang='lat' dir='ltr'><strong>solum</strong></span> 
     </span>
     <span class='ocr_line' id='line_1_5' title="bbox 361 463 2548 531; baseline -0.002 -15"><span class='ocrx_word' id='word_1_24' title='bbox 361 472 410 516; x_wconf 77' lang='lat' dir='ltr'><strong>in</strong></span> <span class='ocrx_word' id='word_1_25' title='bbox 440 471 677 519; x_wconf 65' lang='lat' dir='ltr'><strong>certamin</strong></span> <span class='ocrx_word' id='word_1_26' title='bbox 700 468 894 527; x_wconf 72' lang='lat' dir='ltr'><strong>poscit-‘⁴</strong></span> <span class='ocrx_word' id='word_1_27' title='bbox 950 466 1011 525; x_wconf 77' lang='lat' dir='ltr'><strong>V,</strong></span> <span class='ocrx_word' id='word_1_28' title='bbox 1031 467 1139 513; x_wconf 69' lang='grc'><strong>4193</strong></span> <span class='ocrx_word' id='word_1_29' title='bbox 1165 464 1455 526; x_wconf 71' lang='lat' dir='ltr'><strong>„Aeque&#39;mus</strong></span> <span class='ocrx_word' id='word_1_30' title='bbox 1473 465 1741 525; x_wconf 46' lang='lat' dir='ltr'><strong>vuffa-soff</strong></span> <span class='ocrx_word' id='word_1_31' title='bbox 1798 465 1895 531; x_wconf 76' lang='lat' dir='ltr'><strong>Eel.</strong></span> <span class='ocrx_word' id='word_1_32' title='bbox 1923 463 2019 522; x_wconf 71' lang='lat'>2111,</span> <span class='ocrx_word' id='word_1_33' title='bbox 2045 466 2148 511; x_wconf 89' lang='grc'><strong>1083</strong></span> <span class='ocrx_word' id='word_1_34' title='bbox 2169 463 2315 522; x_wconf 76' lang='lat' dir='ltr'><strong>-‚‚³Non</strong></span> <span class='ocrx_word' id='word_1_35' title='bbox 2349 475 2548 514; x_wconf 73' lang='lat' dir='ltr'><strong>nostrum</strong></span> 
     </span>
     <span class='ocr_line' id='line_1_6' title="bbox 360 535 1342 593; baseline -0.001 -10"><span class='ocrx_word' id='word_1_36' title='bbox 360 538 480 583; x_wconf 74' lang='lat' dir='ltr'><strong>inter</strong></span> <span class='ocrx_word' id='word_1_37' title='bbox 504 543 1056 593; x_wconf 70' lang='lat' dir='ltr'><strong>vos-=tantas-componere</strong></span> <span class='ocrx_word' id='word_1_38' title='bbox 1082 535 1258 582; x_wconf 70' lang='lat' dir='ltr'><strong>lites-⁴⁴</strong></span> <span class='ocrx_word' id='word_1_39' title='bbox 1281 560 1342 571; x_wconf 87' lang='lat'><strong>--</strong></span> 
     </span>
    </p>

    <p class='ocr_par' dir='ltr' id='par_1_3' title="bbox 358 599 2550 1537">
     <span class='ocr_line' id='line_1_7' title="bbox 475 599 2550 662; baseline -0 -14"><span class='ocrx_word' id='word_1_40' title='bbox 475 604 718 650; x_wconf 83' lang='lat' dir='ltr'><strong>Veniamus</strong></span> <span class='ocrx_word' id='word_1_41' title='bbox 744 603 803 648; x_wconf 81' lang='lat' dir='ltr'><strong>ad</strong></span> <span class='ocrx_word' id='word_1_42' title='bbox 829 603 928 648; x_wconf 81' lang='lat' dir='ltr'><strong>alia.</strong></span> <span class='ocrx_word' id='word_1_43' title='bbox 985 601 1105 649; x_wconf 83' lang='lat' dir='ltr'><strong>Sunt</strong></span> <span class='ocrx_word' id='word_1_44' title='bbox 1125 603 1263 657; x_wconf 77' lang='lat' dir='ltr'><strong>verba</strong></span> <span class='ocrx_word' id='word_1_45' title='bbox 1279 601 1401 648; x_wconf 78' lang='lat' dir='ltr'><strong>haud</strong></span> <span class='ocrx_word' id='word_1_46' title='bbox 1423 614 1582 660; x_wconf 84' lang='lat' dir='ltr'><strong>pauca,</strong></span> <span class='ocrx_word' id='word_1_47' title='bbox 1610 615 1722 659; x_wconf 84' lang='lat' dir='ltr'><strong>quae</strong></span> <span class='ocrx_word' id='word_1_48' title='bbox 1744 612 1881 659; x_wconf 86' lang='lat' dir='ltr'><strong>quum</strong></span> <span class='ocrx_word' id='word_1_49' title='bbox 1902 599 2048 644; x_wconf 90' lang='lat' dir='ltr'><strong>locum</strong></span> <span class='ocrx_word' id='word_1_50' title='bbox 2072 599 2293 657; x_wconf 82' lang='lat' dir='ltr'><strong>quendam</strong></span> <span class='ocrx_word' id='word_1_51' title='bbox 2317 600 2550 662; x_wconf 72' lang='lat' dir='ltr'><strong>designent</strong></span> 
     </span>
     <span class='ocr_line' id='line_1_8' title="bbox 358 667 2547 729; baseline -0.001 -12"><span class='ocrx_word' id='word_1_52' title='bbox 358 673 666 723; x_wconf 81' lang='lat' dir='ltr'><strong>adsimilantur</strong></span> <span class='ocrx_word' id='word_1_53' title='bbox 693 670 860 716; x_wconf 79' lang='lat' dir='ltr'><strong>finibus</strong></span> <span class='ocrx_word' id='word_1_54' title='bbox 887 670 958 715; x_wconf 80' lang='lat' dir='ltr'><strong>vel</strong></span> <span class='ocrx_word' id='word_1_55' title='bbox 985 670 1187 729; x_wconf 83' lang='lat' dir='ltr'><strong>partibus</strong></span> <span class='ocrx_word' id='word_1_56' title='bbox 1207 684 1321 728; x_wconf 78' lang='lat' dir='ltr'><strong>quae</strong></span> <span class='ocrx_word' id='word_1_57' title='bbox 1342 669 1713 725; x_wconf 80' lang='lat' dir='ltr'><strong>circumcludunt,</strong></span> <span class='ocrx_word' id='word_1_58' title='bbox 1734 682 1786 713; x_wconf 87' lang='lat' dir='ltr'><strong>ac</strong></span> <span class='ocrx_word' id='word_1_59' title='bbox 1807 668 2022 727; x_wconf 74' lang='lat' dir='ltr'><strong>pluralem</strong></span> <span class='ocrx_word' id='word_1_60' title='bbox 2042 680 2272 712; x_wconf 83' lang='lat' dir='ltr'><strong>numerum</strong></span> <span class='ocrx_word' id='word_1_61' title='bbox 2293 667 2547 715; x_wconf 67' lang='lat' dir='ltr'><strong>adsumunt.</strong></span> 
     </span>
     <span class='ocr_line' id='line_1_9' title="bbox 358 735 2548 800; baseline -0.001 -16"><span class='ocrx_word' id='word_1_62' title='bbox 358 741 429 784; x_wconf 71' lang='lat' dir='ltr'><strong>Ita</strong></span> <span class='ocrx_word' id='word_1_63' title='bbox 456 755 542 798; x_wconf 89' lang='lat' dir='ltr'><strong>pro</strong></span> <span class='ocrx_word' id='word_1_64' title='bbox 572 755 652 786; x_wconf 89' lang='lat' dir='ltr'><strong>sua</strong></span> <span class='ocrx_word' id='word_1_65' title='bbox 686 738 898 800; x_wconf 78' lang='lat' dir='ltr'><strong>quodque</strong></span> <span class='ocrx_word' id='word_1_66' title='bbox 925 738 1075 782; x_wconf 86' lang='lat' dir='ltr'><strong>indole</strong></span> <span class='ocrx_word' id='word_1_67' title='bbox 1102 738 1463 798; x_wconf 75' lang='lat' dir='ltr'><strong>significationem</strong></span> <span class='ocrx_word' id='word_1_68' title='bbox 1494 737 1721 795; x_wconf 75' lang='lat' dir='ltr'><strong>propriam</strong></span> <span class='ocrx_word' id='word_1_69' title='bbox 1749 736 1986 795; x_wconf 72' lang='lat' dir='ltr'><strong>distinguit</strong></span> <span class='ocrx_word' id='word_1_70' title='bbox 2013 742 2058 779; x_wconf 90' lang='lat' dir='ltr'><strong>et</strong></span> <span class='ocrx_word' id='word_1_71' title='bbox 2097 735 2361 794; x_wconf 80' lang='lat' dir='ltr'><strong>amplificat,</strong></span> <span class='ocrx_word' id='word_1_72' title='bbox 2381 750 2548 794; x_wconf 67' lang='lat' dir='ltr'><strong>vquam·</strong></span> 
     </span>
     <span class='ocr_line' id='line_1_10' title="bbox 360 802 2545 863; baseline -0.001 -12"><span class='ocrx_word' id='word_1_73' title='bbox 360 821 497 863; x_wconf 84' lang='lat' dir='ltr'><strong>quam</strong></span> <span class='ocrx_word' id='word_1_74' title='bbox 540 809 588 850; x_wconf 91' lang='lat' dir='ltr'><strong>in</strong></span> <span class='ocrx_word' id='word_1_75' title='bbox 626 808 880 850; x_wconf 84' lang='lat' dir='ltr'><strong>universum</strong></span> <span class='ocrx_word' id='word_1_76' title='bbox 922 806 1126 862; x_wconf 83' lang='lat' dir='ltr'><strong>notiones</strong></span> <span class='ocrx_word' id='word_1_77' title='bbox 1168 819 1286 861; x_wconf 83' lang='lat' dir='ltr'><strong>quae</strong></span> <span class='ocrx_word' id='word_1_78' title='bbox 1327 805 1548 848; x_wconf 83' lang='lat' dir='ltr'><strong>accedunt</strong></span> <span class='ocrx_word' id='word_1_79' title='bbox 1591 810 1716 847; x_wconf 82' lang='lat' dir='ltr'><strong>sunt:</strong></span> <span class='ocrx_word' id='word_1_80' title='bbox 1761 804 1924 846; x_wconf 77' lang='lat' dir='ltr'><strong>occulti</strong></span> <span class='ocrx_word' id='word_1_81' title='bbox 1968 803 2110 846; x_wconf 88' lang='lat' dir='ltr'><strong>abditi</strong></span> <span class='ocrx_word' id='word_1_82' title='bbox 2158 802 2419 848; x_wconf 83' lang='lat' dir='ltr'><strong>clandestini</strong></span> <span class='ocrx_word' id='word_1_83' title='bbox 2447 807 2545 849; x_wconf 76' lang='lat' dir='ltr'><strong>tuti.</strong></span> 
     </span>
     <span class='ocr_line' id='line_1_11' title="bbox 360 870 2550 930; baseline 0 -14"><span class='ocrx_word' id='word_1_84' title='bbox 360 876 420 916; x_wconf 90' lang='lat' dir='ltr'><strong>A.</strong></span> <span class='ocrx_word' id='word_1_85' title='bbox 450 875 515 928; x_wconf 84' lang='lat'><strong>11,</strong></span> <span class='ocrx_word' id='word_1_86' title='bbox 544 877 618 916; x_wconf 79' lang='grc'><strong>193</strong></span> <span class='ocrx_word' id='word_1_87' title='bbox 653 873 951 929; x_wconf 80' lang='lat' dir='ltr'><strong>„penitusque</strong></span> <span class='ocrx_word' id='word_1_88' title='bbox 978 886 1232 920; x_wconf 62' lang='lat' dir='ltr'><strong>cavernas</strong></span> <span class='ocrx_word' id='word_1_89' title='bbox 1260 871 1459 930; x_wconf 79' lang='lat' dir='ltr'><strong>Ingentis</strong></span> <span class='ocrx_word' id='word_1_90' title='bbox 1485 878 1748 926; x_wconf 83' lang='lat' dir='ltr'><strong>uterumque</strong></span> <span class='ocrx_word' id='word_1_91' title='bbox 1776 876 1943 913; x_wconf 80' lang='lat' dir='ltr'><strong>armato</strong></span> <span class='ocrx_word' id='word_1_92' title='bbox 1972 870 2111 913; x_wconf 89' lang='lat' dir='ltr'><strong>milite</strong></span> <span class='ocrx_word' id='word_1_93' title='bbox 2147 871 2414 927; x_wconf 85' lang='lat' dir='ltr'><strong>complent.“</strong></span> <span class='ocrx_word' id='word_1_94' title='bbox 2471 874 2550 917; x_wconf 65' lang='lat'><strong>532</strong></span> 
     </span>
     <span class='ocr_line' id='line_1_12' title="bbox 359 937 2548 998; baseline 0 -15"><span class='ocrx_word' id='word_1_95' title='bbox 359 941 630 996; x_wconf 76' lang='lat' dir='ltr'><strong>„Insonuere</strong></span> <span class='ocrx_word' id='word_1_96' title='bbox 660 955 794 983; x_wconf 85' lang='lat' dir='ltr'><strong>cavae</strong></span> <span class='ocrx_word' id='word_1_97' title='bbox 822 938 1119 998; x_wconf 77' lang='lat' dir='ltr'><strong>gemitumque</strong></span> <span class='ocrx_word' id='word_1_98' title='bbox 1147 937 1309 983; x_wconf 79' lang='lat' dir='ltr'><strong>dedere</strong></span> <span class='ocrx_word' id='word_1_99' title='bbox 1338 942 1599 983; x_wconf 81' lang='lat' dir='ltr'><strong>cavernae.“</strong></span> <span class='ocrx_word' id='word_1_100' title='bbox 1656 937 1787 993; x_wconf 84' lang='lat' dir='ltr'>VIII,</span> <span class='ocrx_word' id='word_1_101' title='bbox 1810 938 1914 981; x_wconf 84' lang='grc'><strong>2423</strong></span> <span class='ocrx_word' id='word_1_102' title='bbox 1944 938 2039 992; x_wconf 79' lang='lat' dir='ltr'><strong>„At</strong></span> <span class='ocrx_word' id='word_1_103' title='bbox 2065 951 2224 993; x_wconf 87' lang='lat' dir='ltr'><strong>specus</strong></span> <span class='ocrx_word' id='word_1_104' title='bbox 2253 944 2298 982; x_wconf 92' lang='lat' dir='ltr'><strong>et</strong></span> <span class='ocrx_word' id='word_1_105' title='bbox 2333 937 2441 983; x_wconf 83' lang='lat' dir='ltr'><strong>Caci</strong></span> <span class='ocrx_word' id='word_1_106' title='bbox 2470 939 2548 985; x_wconf 88' lang='lat' dir='ltr'><strong>de-</strong></span> 
     </span>
     <span class='ocr_line' id='line_1_13' title="bbox 359 1005 2549 1064; baseline 0 -13"><span class='ocrx_word' id='word_1_107' title='bbox 359 1014 478 1051; x_wconf 84' lang='lat' dir='ltr'><strong>tecta</strong></span> <span class='ocrx_word' id='word_1_108' title='bbox 506 1007 716 1064; x_wconf 61' lang='lat' dir='ltr'><strong>apparuit¹</strong></span> <span class='ocrx_word' id='word_1_109' title='bbox 737 1006 896 1063; x_wconf 84' lang='lat' dir='ltr'><strong>ingens</strong></span> <span class='ocrx_word' id='word_1_110' title='bbox 915 1005 1055 1062; x_wconf 80' lang='lat' dir='ltr'><strong>Regia</strong></span> <span class='ocrx_word' id='word_1_111' title='bbox 1077 1011 1122 1049; x_wconf 89' lang='lat' dir='ltr'><strong>et</strong></span> <span class='ocrx_word' id='word_1_112' title='bbox 1139 1006 1369 1051; x_wconf 86' lang='lat' dir='ltr'><strong>umbrosae</strong></span> <span class='ocrx_word' id='word_1_113' title='bbox 1389 1007 1566 1062; x_wconf 86' lang='lat' dir='ltr'><strong>penitus</strong></span> <span class='ocrx_word' id='word_1_114' title='bbox 1587 1012 1769 1062; x_wconf 89' lang='lat' dir='ltr'><strong>patuere</strong></span> <span class='ocrx_word' id='word_1_115' title='bbox 1789 1008 2043 1049; x_wconf 76' lang='lat' dir='ltr'><strong>cavernae.“</strong></span> <span class='ocrx_word' id='word_1_116' title='bbox 2100 1005 2205 1048; x_wconf 85' lang='grc'><strong>4203</strong></span> <span class='ocrx_word' id='word_1_117' title='bbox 2236 1006 2549 1064; x_wconf 78' lang='lat' dir='ltr'><strong>„striduntque</strong></span> 
     </span>
     <span class='ocr_line' id='line_1_14' title="bbox 360 1071 2550 1133; baseline 0.001 -15"><span class='ocrx_word' id='word_1_118' title='bbox 360 1074 562 1119; x_wconf 85' lang='lat' dir='ltr'><strong>cavernis</strong></span> <span class='ocrx_word' id='word_1_119' title='bbox 606 1072 851 1122; x_wconf 80' lang='lat' dir='ltr'><strong>Stricturae</strong></span> <span class='ocrx_word' id='word_1_120' title='bbox 896 1071 1188 1130; x_wconf 72' lang='lat' dir='ltr'><strong>Chalybum-‘⁴</strong></span> <span class='ocrx_word' id='word_1_121' title='bbox 1208 1095 1267 1107; x_wconf 88' lang='lat'><strong>-—-</strong></span> <span class='ocrx_word' id='word_1_122' title='bbox 1292 1072 1358 1127; x_wconf 80' lang='lat'><strong>11,</strong></span> <span class='ocrx_word' id='word_1_123' title='bbox 1386 1073 1462 1117; x_wconf 82' lang='grc'><strong>383</strong></span> <span class='ocrx_word' id='word_1_124' title='bbox 1506 1075 1645 1129; x_wconf 85' lang='lat' dir='ltr'><strong>„Aut</strong></span> <span class='ocrx_word' id='word_1_125' title='bbox 1672 1073 1895 1118; x_wconf 79' lang='lat' dir='ltr'><strong>terebrare</strong></span> <span class='ocrx_word' id='word_1_126' title='bbox 1939 1086 2066 1116; x_wconf 87' lang='lat' dir='ltr'><strong>cavas</strong></span> <span class='ocrx_word' id='word_1_127' title='bbox 2100 1072 2218 1115; x_wconf 83' lang='lat' dir='ltr'><strong>uteri</strong></span> <span class='ocrx_word' id='word_1_128' title='bbox 2252 1079 2297 1117; x_wconf 86' lang='lat' dir='ltr'><strong>et</strong></span> <span class='ocrx_word' id='word_1_129' title='bbox 2331 1080 2550 1133; x_wconf 81' lang='lat' dir='ltr'><strong>temptare</strong></span> 
     </span>
     <span class='ocr_line' id='line_1_15' title="bbox 360 1139 2550 1200; baseline 0.001 -14"><span class='ocrx_word' id='word_1_130' title='bbox 360 1143 652 1187; x_wconf 83' lang='lat' dir='ltr'><strong>latebras.“</strong></span> <span class='ocrx_word' id='word_1_131' title='bbox 707 1141 797 1196; x_wconf 83' lang='lat'>111,</span> <span class='ocrx_word' id='word_1_132' title='bbox 812 1142 918 1185; x_wconf 83' lang='grc'><strong>4243</strong></span> <span class='ocrx_word' id='word_1_133' title='bbox 949 1143 1046 1196; x_wconf 81' lang='lat' dir='ltr'><strong>„At</strong></span> <span class='ocrx_word' id='word_1_134' title='bbox 1067 1139 1267 1199; x_wconf 66' lang='lat' dir='ltr'><strong>&#39;Scyllam</strong></span> <span class='ocrx_word' id='word_1_135' title='bbox 1298 1143 1440 1200; x_wconf 65' lang='lat' dir='ltr'><strong>caecis</strong></span> <span class='ocrx_word' id='word_1_136' title='bbox 1469 1142 1648 1185; x_wconf 82' lang='lat' dir='ltr'><strong>cohibet</strong></span> <span class='ocrx_word' id='word_1_137' title='bbox 1676 1142 1889 1199; x_wconf 85' lang='lat' dir='ltr'><strong>spelunca</strong></span> <span class='ocrx_word' id='word_1_138' title='bbox 1918 1140 2142 1184; x_wconf 81' lang='lat' dir='ltr'><strong>latebris.“</strong></span> <span class='ocrx_word' id='word_1_139' title='bbox 2199 1140 2263 1196; x_wconf 86' lang='lat' dir='ltr'><strong>X,</strong></span> <span class='ocrx_word' id='word_1_140' title='bbox 2278 1142 2382 1185; x_wconf 81' lang='lat'>657:</span> <span class='ocrx_word' id='word_1_141' title='bbox 2410 1143 2550 1200; x_wconf 79' lang='lat' dir='ltr'><strong>„Huc</strong></span> 
     </span>
     <span class='ocr_line' id='line_1_16' title="bbox 361 1207 2550 1269; baseline 0 -14"><span class='ocrx_word' id='word_1_142' title='bbox 361 1225 458 1256; x_wconf 86' lang='lat' dir='ltr'><strong>sese</strong></span> <span class='ocrx_word' id='word_1_143' title='bbox 478 1210 654 1267; x_wconf 86' lang='lat' dir='ltr'><strong>trepida</strong></span> <span class='ocrx_word' id='word_1_144' title='bbox 674 1212 847 1254; x_wconf 84' lang='lat' dir='ltr'><strong>Aeneae</strong></span> <span class='ocrx_word' id='word_1_145' title='bbox 867 1210 1080 1267; x_wconf 84' lang='lat' dir='ltr'><strong>fugientis</strong></span> <span class='ocrx_word' id='word_1_146' title='bbox 1105 1210 1249 1268; x_wconf 79' lang='lat' dir='ltr'><strong>imago</strong></span> <span class='ocrx_word' id='word_1_147' title='bbox 1276 1208 1456 1254; x_wconf 89' lang='lat' dir='ltr'><strong>Conicit</strong></span> <span class='ocrx_word' id='word_1_148' title='bbox 1483 1211 1528 1253; x_wconf 93' lang='lat' dir='ltr'><strong>in</strong></span> <span class='ocrx_word' id='word_1_149' title='bbox 1554 1210 1794 1253; x_wconf 88' lang='lat' dir='ltr'><strong>latebras.“</strong></span> <span class='ocrx_word' id='word_1_150' title='bbox 1851 1210 1955 1251; x_wconf 82' lang='lat'>601:</span> <span class='ocrx_word' id='word_1_151' title='bbox 1985 1207 2131 1263; x_wconf 84' lang='lat' dir='ltr'><strong>„Tum</strong></span> <span class='ocrx_word' id='word_1_152' title='bbox 2150 1208 2344 1254; x_wconf 84' lang='lat' dir='ltr'><strong>latebras</strong></span> <span class='ocrx_word' id='word_1_153' title='bbox 2364 1212 2550 1269; x_wconf 80' lang='lat' dir='ltr'><strong>animae,</strong></span> 
     </span>
     <span class='ocr_line' id='line_1_17' title="bbox 361 1275 2549 1335; baseline 0.001 -14"><span class='ocrx_word' id='word_1_154' title='bbox 361 1284 521 1335; x_wconf 77' lang='lat' dir='ltr'><strong>pectus</strong></span> <span class='ocrx_word' id='word_1_155' title='bbox 564 1292 771 1320; x_wconf 89' lang='lat' dir='ltr'><strong>mucrone</strong></span> <span class='ocrx_word' id='word_1_156' title='bbox 814 1277 1050 1320; x_wconf 85' lang='lat' dir='ltr'><strong>recludit.“</strong></span> <span class='ocrx_word' id='word_1_157' title='bbox 1092 1284 1094 1287; x_wconf 76' lang='grc'><strong>“</strong></span> <span class='ocrx_word' id='word_1_158' title='bbox 1122 1275 1299 1331; x_wconf 81' lang='lat' dir='ltr'><strong>Quibus</strong></span> <span class='ocrx_word' id='word_1_159' title='bbox 1342 1277 1452 1320; x_wconf 89' lang='lat' dir='ltr'><strong>locis</strong></span> <span class='ocrx_word' id='word_1_160' title='bbox 1495 1285 1708 1335; x_wconf 85' lang='lat' dir='ltr'><strong>quantum</strong></span> <span class='ocrx_word' id='word_1_161' title='bbox 1752 1277 1918 1334; x_wconf 88' lang='lat' dir='ltr'><strong>vigoris</strong></span> <span class='ocrx_word' id='word_1_162' title='bbox 1962 1276 2045 1318; x_wconf 87' lang='lat' dir='ltr'><strong>hac</strong></span> <span class='ocrx_word' id='word_1_163' title='bbox 2089 1277 2337 1332; x_wconf 85' lang='lat' dir='ltr'><strong>explicandi</strong></span> <span class='ocrx_word' id='word_1_164' title='bbox 2381 1280 2549 1322; x_wconf 74' lang='lat' dir='ltr'><strong>ratione</strong></span> 
     </span>
     <span class='ocr_line' id='line_1_18' title="bbox 362 1343 2550 1403; baseline 0 -15"><span class='ocrx_word' id='word_1_165' title='bbox 362 1346 568 1397; x_wconf 83' lang='lat' dir='ltr'><strong>addatur,</strong></span> <span class='ocrx_word' id='word_1_166' title='bbox 597 1360 684 1386; x_wconf 92' lang='lat' dir='ltr'><strong>non</strong></span> <span class='ocrx_word' id='word_1_167' title='bbox 713 1346 842 1386; x_wconf 80' lang='lat' dir='ltr'><strong>facile</strong></span> <span class='ocrx_word' id='word_1_168' title='bbox 871 1359 1132 1400; x_wconf 87' lang='lat' dir='ltr'><strong>quemquam</strong></span> <span class='ocrx_word' id='word_1_169' title='bbox 1159 1345 1313 1402; x_wconf 84' lang='lat' dir='ltr'><strong>fugiet.</strong></span> <span class='ocrx_word' id='word_1_170' title='bbox 1371 1347 1519 1401; x_wconf 80' lang='lat' dir='ltr'><strong>Atque</strong></span> <span class='ocrx_word' id='word_1_171' title='bbox 1556 1362 1690 1401; x_wconf 90' lang='lat' dir='ltr'><strong>quum</strong></span> <span class='ocrx_word' id='word_1_172' title='bbox 1722 1344 1978 1387; x_wconf 87' lang='lat' dir='ltr'><strong>vocabulum</strong></span> <span class='ocrx_word' id='word_1_173' title='bbox 2008 1343 2201 1386; x_wconf 84' lang='lat' dir='ltr'><strong>latebrae</strong></span> <span class='ocrx_word' id='word_1_174' title='bbox 2237 1345 2358 1400; x_wconf 88' lang='lat' dir='ltr'><strong>apud</strong></span> <span class='ocrx_word' id='word_1_175' title='bbox 2389 1345 2550 1403; x_wconf 82' lang='lat' dir='ltr'><strong>Vergi-</strong></span> 
     </span>
     <span class='ocr_line' id='line_1_19' title="bbox 361 1410 2550 1469; baseline 0.001 -14"><span class='ocrx_word' id='word_1_176' title='bbox 361 1412 471 1455; x_wconf 81' lang='lat' dir='ltr'><strong>lium</strong></span> <span class='ocrx_word' id='word_1_177' title='bbox 500 1412 652 1468; x_wconf 76' lang='lat' dir='ltr'><strong>utique</strong></span> <span class='ocrx_word' id='word_1_178' title='bbox 683 1411 913 1468; x_wconf 74' lang='lat' dir='ltr'><strong>pluraliter</strong></span> <span class='ocrx_word' id='word_1_179' title='bbox 940 1418 1150 1469; x_wconf 89' lang='lat' dir='ltr'><strong>ponatur,</strong></span> <span class='ocrx_word' id='word_1_180' title='bbox 1185 1412 1336 1456; x_wconf 87' lang='lat' dir='ltr'><strong>nescio</strong></span> <span class='ocrx_word' id='word_1_181' title='bbox 1365 1427 1421 1456; x_wconf 89' lang='lat' dir='ltr'><strong>an</strong></span> <span class='ocrx_word' id='word_1_182' title='bbox 1451 1413 1581 1456; x_wconf 87' lang='lat' dir='ltr'><strong>etiam</strong></span> <span class='ocrx_word' id='word_1_183' title='bbox 1611 1411 1723 1467; x_wconf 86' lang='lat' dir='ltr'>XII,</span> <span class='ocrx_word' id='word_1_184' title='bbox 1748 1412 1850 1455; x_wconf 82' lang='lat'>389:</span> <span class='ocrx_word' id='word_1_185' title='bbox 1888 1410 2039 1465; x_wconf 84' lang='lat' dir='ltr'><strong>„Ense</strong></span> <span class='ocrx_word' id='word_1_186' title='bbox 2075 1416 2225 1455; x_wconf 85' lang='lat' dir='ltr'><strong>secent</strong></span> <span class='ocrx_word' id='word_1_187' title='bbox 2261 1410 2352 1455; x_wconf 91' lang='lat' dir='ltr'><strong>lato</strong></span> <span class='ocrx_word' id='word_1_188' title='bbox 2387 1413 2550 1459; x_wconf 67' lang='lat' dir='ltr'><strong>volnus</strong></span> 
     </span>
     <span class='ocr_line' id='line_1_20' title="bbox 360 1477 2550 1537; baseline 0.001 -14"><span class='ocrx_word' id='word_1_189' title='bbox 360 1480 529 1537; x_wconf 88' lang='lat' dir='ltr'><strong>telique</strong></span> <span class='ocrx_word' id='word_1_190' title='bbox 556 1479 771 1523; x_wconf 89' lang='lat' dir='ltr'><strong>latebram</strong></span> <span class='ocrx_word' id='word_1_191' title='bbox 792 1479 1066 1523; x_wconf 87' lang='lat' dir='ltr'><strong>Rescindant</strong></span> <span class='ocrx_word' id='word_1_192' title='bbox 1094 1480 1298 1536; x_wconf 86' lang='lat' dir='ltr'><strong>penitus“</strong></span> <span class='ocrx_word' id='word_1_193' title='bbox 1327 1494 1429 1523; x_wconf 89' lang='lat' dir='ltr'><strong>cum</strong></span> <span class='ocrx_word' id='word_1_194' title='bbox 1450 1480 1502 1523; x_wconf 88' lang='lat' dir='ltr'>M</span> <span class='ocrx_word' id='word_1_195' title='bbox 1523 1480 1710 1524; x_wconf 88' lang='lat' dir='ltr'><strong>latebras</strong></span> <span class='ocrx_word' id='word_1_196' title='bbox 1731 1477 2013 1523; x_wconf 86' lang='lat' dir='ltr'><strong>scribendum</strong></span> <span class='ocrx_word' id='word_1_197' title='bbox 2043 1479 2112 1523; x_wconf 89' lang='lat' dir='ltr'><strong>sit.</strong></span> <span class='ocrx_word' id='word_1_198' title='bbox 2171 1478 2351 1523; x_wconf 86' lang='lat' dir='ltr'><strong>Retinet</strong></span> <span class='ocrx_word' id='word_1_199' title='bbox 2372 1481 2550 1536; x_wconf 84' lang='lat' dir='ltr'><strong>quidem</strong></span> 
     </span>
    </p>
   </div>
   <div class='ocr_carea' id='block_1_3' title="bbox 2773 0 2952 130">
    <p class='ocr_par' dir='ltr' id='par_1_4' title="bbox 2773 0 2952 130">
     <span class='ocr_line' id='line_1_21' title="bbox 2773 0 2952 130; baseline 0 3647"><span class='ocrx_word' id='word_1_200' title='bbox 2773 0 2952 130; x_wconf 95' lang='lat' dir='ltr'><strong> </strong></span> 
     </span>
    </p>
   </div>
   <div class='ocr_carea' id='block_1_4' title="bbox 363 1546 2619 1606">
    <p class='ocr_par' dir='ltr' id='par_1_5' title="bbox 363 1546 2619 1606">
     <span class='ocr_line' id='line_1_22' title="bbox 363 1546 2619 1606; baseline 0.001 -15"><span class='ocrx_word' id='word_1_201' title='bbox 363 1547 614 1606; x_wconf 63' lang='lat' dir='ltr'><strong>Wagner-us</strong></span> <span class='ocrx_word' id='word_1_202' title='bbox 647 1546 885 1601; x_wconf 89' lang='lat' dir='ltr'><strong>latebram,</strong></span> <span class='ocrx_word' id='word_1_203' title='bbox 930 1562 1069 1603; x_wconf 91' lang='lat' dir='ltr'><strong>quum</strong></span> <span class='ocrx_word' id='word_1_204' title='bbox 1112 1553 1285 1591; x_wconf 69' lang='lat' dir='ltr'><strong>censeat</strong></span> <span class='ocrx_word' id='word_1_205' title='bbox 1326 1547 1531 1604; x_wconf 79' lang='lat' dir='ltr'><strong>sagittam</strong></span> <span class='ocrx_word' id='word_1_206' title='bbox 1569 1547 1781 1591; x_wconf 82' lang='lat' dir='ltr'><strong>altissime</strong></span> <span class='ocrx_word' id='word_1_207' title='bbox 1825 1546 2026 1590; x_wconf 79' lang='lat' dir='ltr'><strong>adactam</strong></span> <span class='ocrx_word' id='word_1_208' title='bbox 2069 1560 2157 1589; x_wconf 90' lang='lat' dir='ltr'><strong>non</strong></span> <span class='ocrx_word' id='word_1_209' title='bbox 2202 1560 2316 1601; x_wconf 86' lang='lat' dir='ltr'><strong>esse,</strong></span> <span class='ocrx_word' id='word_1_210' title='bbox 2360 1547 2551 1606; x_wconf 84' lang='lat' dir='ltr'><strong>ideoque</strong></span> <span class='ocrx_word' id='word_1_211' title='bbox 2614 1580 2619 1583; x_wconf 93' lang='lat'><em>-</em></span> 
     </span>
    </p>
   </div>
   <div class='ocr_carea' id='block_1_5' title="bbox 360 1614 2553 2280">
    <p class='ocr_par' dir='ltr' id='par_1_6' title="bbox 360 1614 2553 2280">
     <span class='ocr_line' id='line_1_23' title="bbox 361 1614 2549 1672; baseline 0 -13"><span class='ocrx_word' id='word_1_212' title='bbox 361 1616 522 1659; x_wconf 89' lang='lat' dir='ltr'><strong>melius</strong></span> <span class='ocrx_word' id='word_1_213' title='bbox 565 1615 797 1658; x_wconf 87' lang='lat' dir='ltr'><strong>convenire</strong></span> <span class='ocrx_word' id='word_1_214' title='bbox 840 1614 1130 1672; x_wconf 81' lang='lat' dir='ltr'><strong>singularem3</strong></span> <span class='ocrx_word' id='word_1_215' title='bbox 1171 1615 1242 1659; x_wconf 84' lang='lat' dir='ltr'><strong>cui</strong></span> <span class='ocrx_word' id='word_1_216' title='bbox 1286 1620 1431 1659; x_wconf 82' lang='lat' dir='ltr'><strong>tamen</strong></span> <span class='ocrx_word' id='word_1_217' title='bbox 1476 1616 1635 1659; x_wconf 85' lang='lat' dir='ltr'><strong>rationi</strong></span> <span class='ocrx_word' id='word_1_218' title='bbox 1671 1616 1769 1672; x_wconf 88' lang='lat' dir='ltr'><strong>ipsa</strong></span> <span class='ocrx_word' id='word_1_219' title='bbox 1804 1615 2033 1671; x_wconf 85' lang='lat' dir='ltr'><strong>scriptoris</strong></span> <span class='ocrx_word' id='word_1_220' title='bbox 2076 1614 2214 1657; x_wconf 86' lang='lat' dir='ltr'><strong>verba</strong></span> <span class='ocrx_word' id='word_1_221' title='bbox 2256 1616 2469 1660; x_wconf 85' lang='lat' dir='ltr'><strong>officiunt.</strong></span> <span class='ocrx_word' id='word_1_222' title='bbox 2493 1639 2549 1652; x_wconf 55' lang='lat' dir='ltr'><strong>-u</strong></span> 
     </span>
     <span class='ocr_line' id='line_1_24' title="bbox 360 1682 2550 1742; baseline 0 -15"><span class='ocrx_word' id='word_1_223' title='bbox 360 1684 491 1739; x_wconf 80' lang='lat'>1,60=</span> <span class='ocrx_word' id='word_1_224' title='bbox 522 1682 643 1737; x_wconf 85' lang='lat' dir='ltr'><strong>„Sed</strong></span> <span class='ocrx_word' id='word_1_225' title='bbox 675 1688 804 1739; x_wconf 87' lang='lat' dir='ltr'><strong>pater</strong></span> <span class='ocrx_word' id='word_1_226' title='bbox 833 1683 1110 1739; x_wconf 86' lang='lat' dir='ltr'><strong>omnipotens</strong></span> <span class='ocrx_word' id='word_1_227' title='bbox 1138 1683 1410 1740; x_wconf 80' lang='lat' dir='ltr'><strong>speluncis</strong></span> <span class='ocrx_word' id='word_1_228' title='bbox 1439 1683 1610 1726; x_wconf 88' lang='lat' dir='ltr'><strong>abdidit</strong></span> <span class='ocrx_word' id='word_1_229' title='bbox 1630 1684 1779 1726; x_wconf 82' lang='lat' dir='ltr'><strong>atris.“</strong></span> <span class='ocrx_word' id='word_1_230' title='bbox 1838 1682 1910 1724; x_wconf 91' lang='lat' dir='ltr'><strong>Ne</strong></span> <span class='ocrx_word' id='word_1_231' title='bbox 1931 1696 2030 1724; x_wconf 91' lang='lat' dir='ltr'><strong>cum</strong></span> <span class='ocrx_word' id='word_1_232' title='bbox 2049 1682 2278 1726; x_wconf 87' lang='lat' dir='ltr'><strong>Ladevico</strong></span> <span class='ocrx_word' id='word_1_233' title='bbox 2296 1684 2442 1739; x_wconf 84' lang='lat' dir='ltr'><strong>facias,</strong></span> <span class='ocrx_word' id='word_1_234' title='bbox 2473 1686 2550 1742; x_wconf 88' lang='lat' dir='ltr'><strong>qui</strong></span> 
     </span>
     <span class='ocr_line' id='line_1_25' title="bbox 361 1749 2551 1808; baseline 0 -14"><span class='ocrx_word' id='word_1_235' title='bbox 361 1751 569 1808; x_wconf 87' lang='lat' dir='ltr'><strong>pluribus</strong></span> <span class='ocrx_word' id='word_1_236' title='bbox 600 1750 852 1794; x_wconf 88' lang='lat' dir='ltr'><strong>carceribus</strong></span> <span class='ocrx_word' id='word_1_237' title='bbox 884 1750 1080 1794; x_wconf 83' lang='lat' dir='ltr'><strong>inclusos</strong></span> <span class='ocrx_word' id='word_1_238' title='bbox 1121 1763 1217 1794; x_wconf 87' lang='lat' dir='ltr'><strong>esse</strong></span> <span class='ocrx_word' id='word_1_239' title='bbox 1254 1757 1412 1794; x_wconf 83' lang='lat' dir='ltr'><strong>ventos</strong></span> <span class='ocrx_word' id='word_1_240' title='bbox 1441 1757 1584 1806; x_wconf 88' lang='lat' dir='ltr'><strong>putet.</strong></span> <span class='ocrx_word' id='word_1_241' title='bbox 1642 1749 1773 1805; x_wconf 83' lang='lat' dir='ltr'><strong>Quod</strong></span> <span class='ocrx_word' id='word_1_242' title='bbox 1805 1752 1897 1807; x_wconf 87' lang='lat' dir='ltr'><strong>jam</strong></span> <span class='ocrx_word' id='word_1_243' title='bbox 1935 1750 1993 1792; x_wconf 93' lang='lat' dir='ltr'><strong>ob</strong></span> <span class='ocrx_word' id='word_1_244' title='bbox 2029 1749 2076 1791; x_wconf 91' lang='lat' dir='ltr'><strong>id</strong></span> <span class='ocrx_word' id='word_1_245' title='bbox 2117 1750 2222 1792; x_wconf 87' lang='lat' dir='ltr'><strong>ferri</strong></span> <span class='ocrx_word' id='word_1_246' title='bbox 2259 1764 2348 1792; x_wconf 88' lang='lat' dir='ltr'><strong>non</strong></span> <span class='ocrx_word' id='word_1_247' title='bbox 2387 1758 2551 1808; x_wconf 82' lang='lat' dir='ltr'><strong>potest,</strong></span> 
     </span>
     <span class='ocr_line' id='line_1_26' title="bbox 363 1816 2553 1875; baseline 0.001 -14"><span class='ocrx_word' id='word_1_248' title='bbox 363 1818 483 1875; x_wconf 83' lang='lat' dir='ltr'><strong>quod</strong></span> <span class='ocrx_word' id='word_1_249' title='bbox 515 1818 624 1861; x_wconf 91' lang='lat' dir='ltr'><strong>dicit</strong></span> <span class='ocrx_word' id='word_1_250' title='bbox 653 1824 782 1875; x_wconf 89' lang='lat' dir='ltr'><strong>poeta</strong></span> <span class='ocrx_word' id='word_1_251' title='bbox 810 1818 1031 1863; x_wconf 82' lang='lat' dir='ltr'><strong>luctantis.</strong></span> <span class='ocrx_word' id='word_1_252' title='bbox 1093 1816 1377 1874; x_wconf 77' lang='lat' dir='ltr'><strong>Quicmque</strong></span> <span class='ocrx_word' id='word_1_253' title='bbox 1407 1819 1520 1861; x_wconf 92' lang='lat' dir='ltr'><strong>enim</strong></span> <span class='ocrx_word' id='word_1_254' title='bbox 1551 1819 1697 1861; x_wconf 89' lang='lat' dir='ltr'><strong>animo</strong></span> <span class='ocrx_word' id='word_1_255' title='bbox 1727 1834 1814 1862; x_wconf 91' lang='lat' dir='ltr'><strong>non</strong></span> <span class='ocrx_word' id='word_1_256' title='bbox 1844 1824 2165 1875; x_wconf 83' lang='lat' dir='ltr'><strong>praeoccupato</strong></span> <span class='ocrx_word' id='word_1_257' title='bbox 2196 1831 2247 1860; x_wconf 84' lang='lat' dir='ltr'><strong>ac</strong></span> <span class='ocrx_word' id='word_1_258' title='bbox 2277 1816 2415 1861; x_wconf 86' lang='lat' dir='ltr'><strong>libero</strong></span> <span class='ocrx_word' id='word_1_259' title='bbox 2444 1818 2553 1863; x_wconf 87' lang='lat' dir='ltr'><strong>haec</strong></span> 
     </span>
     <span class='ocr_line' id='line_1_27' title="bbox 363 1885 2551 1944; baseline 0 -14"><span class='ocrx_word' id='word_1_260' title='bbox 363 1887 543 1944; x_wconf 83' lang='lat' dir='ltr'><strong>legerit,</strong></span> <span class='ocrx_word' id='word_1_261' title='bbox 573 1887 627 1929; x_wconf 84' lang='lat' dir='ltr'><strong>de</strong></span> <span class='ocrx_word' id='word_1_262' title='bbox 656 1887 798 1930; x_wconf 86' lang='lat' dir='ltr'><strong>ventis</strong></span> <span class='ocrx_word' id='word_1_263' title='bbox 825 1887 941 1930; x_wconf 90' lang='lat' dir='ltr'><strong>inter</strong></span> <span class='ocrx_word' id='word_1_264' title='bbox 968 1901 1016 1930; x_wconf 88' lang='lat' dir='ltr'><strong>se</strong></span> <span class='ocrx_word' id='word_1_265' title='bbox 1045 1886 1316 1930; x_wconf 82' lang='lat' dir='ltr'><strong>certantibus</strong></span> <span class='ocrx_word' id='word_1_266' title='bbox 1347 1887 1574 1944; x_wconf 84' lang='lat' dir='ltr'><strong>cogitabit.</strong></span> <span class='ocrx_word' id='word_1_267' title='bbox 1632 1889 1700 1930; x_wconf 91' lang='lat' dir='ltr'><strong>Ac</strong></span> <span class='ocrx_word' id='word_1_268' title='bbox 1735 1901 1890 1930; x_wconf 87' lang='lat' dir='ltr'><strong>revera</strong></span> <span class='ocrx_word' id='word_1_269' title='bbox 1929 1887 2087 1929; x_wconf 88' lang='lat' dir='ltr'><strong>luctari</strong></span> <span class='ocrx_word' id='word_1_270' title='bbox 2125 1885 2335 1929; x_wconf 85' lang='lat' dir='ltr'><strong>dicuntur</strong></span> <span class='ocrx_word' id='word_1_271' title='bbox 2370 1888 2551 1944; x_wconf 82' lang='lat' dir='ltr'><strong>proprie</strong></span> 
     </span>
     <span class='ocr_line' id='line_1_28' title="bbox 363 1954 2552 2011; baseline 0 -14"><span class='ocrx_word' id='word_1_272' title='bbox 363 1956 397 1997; x_wconf 89' lang='lat' dir='ltr'><strong>ii</strong></span> <span class='ocrx_word' id='word_1_273' title='bbox 426 1955 501 2010; x_wconf 89' lang='lat' dir='ltr'><strong>qui</strong></span> <span class='ocrx_word' id='word_1_274' title='bbox 530 1955 778 2010; x_wconf 83' lang='lat' dir='ltr'><strong>palaestrae</strong></span> <span class='ocrx_word' id='word_1_275' title='bbox 808 1968 983 2010; x_wconf 88' lang='lat' dir='ltr'><strong>operam</strong></span> <span class='ocrx_word' id='word_1_276' title='bbox 1014 1954 1144 2006; x_wconf 82' lang='lat' dir='ltr'><strong>dant3</strong></span> <span class='ocrx_word' id='word_1_277' title='bbox 1180 1954 1404 2011; x_wconf 75' lang='lat' dir='ltr'><strong>fingebant</strong></span> <span class='ocrx_word' id='word_1_278' title='bbox 1440 1970 1546 1997; x_wconf 85' lang='lat' dir='ltr'><strong>vero</strong></span> <span class='ocrx_word' id='word_1_279' title='bbox 1587 1962 1742 1997; x_wconf 89' lang='lat' dir='ltr'><strong>ventos</strong></span> <span class='ocrx_word' id='word_1_280' title='bbox 1777 1961 1994 2011; x_wconf 88' lang='lat' dir='ltr'><strong>perpetuo</strong></span> <span class='ocrx_word' id='word_1_281' title='bbox 2025 1954 2332 1997; x_wconf 85' lang='lat' dir='ltr'><strong>discordantes</strong></span> <span class='ocrx_word' id='word_1_282' title='bbox 2368 1955 2552 2010; x_wconf 82' lang='lat' dir='ltr'><strong>antiqui.</strong></span> 
     </span>
     <span class='ocr_line' id='line_1_29' title="bbox 364 2019 2551 2078; baseline 0.001 -16"><span class='ocrx_word' id='word_1_283' title='bbox 364 2020 441 2063; x_wconf 89' lang='lat' dir='ltr'><strong>Sic</strong></span> <span class='ocrx_word' id='word_1_284' title='bbox 471 2019 558 2063; x_wconf 84' lang='lat' dir='ltr'><strong>Ov.</strong></span> <span class='ocrx_word' id='word_1_285' title='bbox 588 2022 696 2063; x_wconf 84' lang='lat' dir='ltr'><strong>Met.</strong></span> <span class='ocrx_word' id='word_1_286' title='bbox 726 2021 765 2075; x_wconf 90' lang='lat'><strong>1,</strong></span> <span class='ocrx_word' id='word_1_287' title='bbox 783 2022 858 2062; x_wconf 84' lang='lat'><strong>60:</strong></span> <span class='ocrx_word' id='word_1_288' title='bbox 887 2027 1041 2075; x_wconf 82' lang='lat' dir='ltr'><strong>„tanta</strong></span> <span class='ocrx_word' id='word_1_289' title='bbox 1069 2027 1140 2064; x_wconf 80' lang='lat' dir='ltr'><strong>est</strong></span> <span class='ocrx_word' id='word_1_290' title='bbox 1167 2020 1389 2064; x_wconf 86' lang='lat' dir='ltr'><strong>discordia</strong></span> <span class='ocrx_word' id='word_1_291' title='bbox 1415 2022 1645 2064; x_wconf 80' lang='lat' dir='ltr'><strong>fratrum.“</strong></span> <span class='ocrx_word' id='word_1_292' title='bbox 1703 2021 1838 2078; x_wconf 87' lang='lat' dir='ltr'><strong>Verg.</strong></span> <span class='ocrx_word' id='word_1_293' title='bbox 1870 2023 1926 2063; x_wconf 90' lang='lat' dir='ltr'><strong>A.</strong></span> <span class='ocrx_word' id='word_1_294' title='bbox 1956 2021 2020 2074; x_wconf 87' lang='grc' dir='ltr'><strong>ΙΙ,</strong></span> <span class='ocrx_word' id='word_1_295' title='bbox 2035 2022 2138 2063; x_wconf 83' lang='grc'><strong>4173</strong></span> <span class='ocrx_word' id='word_1_296' title='bbox 2167 2020 2388 2073; x_wconf 80' lang='lat' dir='ltr'><strong>„Adversi</strong></span> <span class='ocrx_word' id='word_1_297' title='bbox 2419 2029 2551 2078; x_wconf 71' lang='lat' dir='ltr'><strong>rupto</strong></span> 
     </span>
     <span class='ocr_line' id='line_1_30' title="bbox 362 2087 2551 2147; baseline 0.001 -15"><span class='ocrx_word' id='word_1_298' title='bbox 362 2104 441 2132; x_wconf 89' lang='lat' dir='ltr'><strong>ceu</strong></span> <span class='ocrx_word' id='word_1_299' title='bbox 472 2087 694 2145; x_wconf 90' lang='lat' dir='ltr'><strong>quondam</strong></span> <span class='ocrx_word' id='word_1_300' title='bbox 729 2088 904 2131; x_wconf 85' lang='lat' dir='ltr'><strong>turbine</strong></span> <span class='ocrx_word' id='word_1_301' title='bbox 935 2088 1056 2131; x_wconf 86' lang='lat' dir='ltr'><strong>venti</strong></span> <span class='ocrx_word' id='word_1_302' title='bbox 1086 2087 1365 2147; x_wconf 71' lang='lat' dir='ltr'><strong>Confligunt,</strong></span> <span class='ocrx_word' id='word_1_303' title='bbox 1404 2088 1723 2146; x_wconf 88' lang='lat' dir='ltr'><strong>Zephyrusque</strong></span> <span class='ocrx_word' id='word_1_304' title='bbox 1756 2089 1986 2145; x_wconf 87' lang='lat' dir='ltr'><strong>Notusque</strong></span> <span class='ocrx_word' id='word_1_305' title='bbox 2024 2094 2068 2131; x_wconf 89' lang='lat' dir='ltr'><strong>et</strong></span> <span class='ocrx_word' id='word_1_306' title='bbox 2096 2088 2234 2132; x_wconf 88' lang='lat' dir='ltr'><strong>laetus</strong></span> <span class='ocrx_word' id='word_1_307' title='bbox 2265 2088 2372 2133; x_wconf 86' lang='lat' dir='ltr'><strong>Eois</strong></span> <span class='ocrx_word' id='word_1_308' title='bbox 2404 2089 2551 2134; x_wconf 84' lang='lat' dir='ltr'><strong>Eurus</strong></span> 
     </span>
     <span class='ocr_line' id='line_1_31' title="bbox 364 2154 2550 2213; baseline 0 -13"><span class='ocrx_word' id='word_1_309' title='bbox 364 2156 534 2212; x_wconf 86' lang='lat' dir='ltr'><strong>equis.“</strong></span> <span class='ocrx_word' id='word_1_310' title='bbox 591 2154 624 2197; x_wconf 84' lang='lat' dir='ltr'><strong>J</strong></span> <span class='ocrx_word' id='word_1_311' title='bbox 627 2172 696 2198; x_wconf 89' lang='lat' dir='ltr'><strong>am</strong></span> <span class='ocrx_word' id='word_1_312' title='bbox 719 2164 890 2200; x_wconf 87' lang='lat' dir='ltr'><strong>montes</strong></span> <span class='ocrx_word' id='word_1_313' title='bbox 920 2156 1066 2199; x_wconf 77' lang='lat' dir='ltr'><strong>valere</strong></span> <span class='ocrx_word' id='word_1_314' title='bbox 1092 2164 1283 2200; x_wconf 77' lang='lat' dir='ltr'><strong>montem</strong></span> <span class='ocrx_word' id='word_1_315' title='bbox 1313 2156 1573 2200; x_wconf 86' lang='lat' dir='ltr'><strong>altissimum</strong></span> <span class='ocrx_word' id='word_1_316' title='bbox 1604 2173 1736 2213; x_wconf 88' lang='lat' dir='ltr'><strong>supra</strong></span> <span class='ocrx_word' id='word_1_317' title='bbox 1760 2157 1972 2208; x_wconf 80' lang='lat' dir='ltr'><strong>indicavi3</strong></span> <span class='ocrx_word' id='word_1_318' title='bbox 2002 2156 2058 2199; x_wconf 90' lang='lat' dir='ltr'><strong>de</strong></span> <span class='ocrx_word' id='word_1_319' title='bbox 2087 2156 2375 2200; x_wconf 88' lang='lat' dir='ltr'><strong>claustrorum</strong></span> <span class='ocrx_word' id='word_1_320' title='bbox 2406 2162 2550 2200; x_wconf 86' lang='lat' dir='ltr'><strong>autem</strong></span> 
     </span>
     <span class='ocr_line' id='line_1_32' title="bbox 363 2222 2553 2280; baseline -0.001 -12"><span class='ocrx_word' id='word_1_321' title='bbox 363 2238 548 2268; x_wconf 85' lang='lat' dir='ltr'><strong>numero</strong></span> <span class='ocrx_word' id='word_1_322' title='bbox 571 2223 735 2280; x_wconf 86' lang='lat' dir='ltr'><strong>plurali</strong></span> <span class='ocrx_word' id='word_1_323' title='bbox 763 2223 880 2266; x_wconf 85' lang='lat' dir='ltr'><strong>infra</strong></span> <span class='ocrx_word' id='word_1_324' title='bbox 906 2223 1163 2267; x_wconf 78' lang='lat' dir='ltr'><strong>videbimus.</strong></span> <span class='ocrx_word' id='word_1_325' title='bbox 1178 2247 1235 2256; x_wconf 90' lang='lat'>-</span> <span class='ocrx_word' id='word_1_326' title='bbox 1251 2222 1384 2278; x_wconf 85' lang='lat' dir='ltr'>VIII,</span> <span class='ocrx_word' id='word_1_327' title='bbox 1398 2225 1504 2268; x_wconf 82' lang='lat'>419:</span> <span class='ocrx_word' id='word_1_328' title='bbox 1535 2223 1714 2278; x_wconf 82' lang='lat' dir='ltr'><strong>„Quam</strong></span> <span class='ocrx_word' id='word_1_329' title='bbox 1735 2224 1888 2268; x_wconf 90' lang='lat' dir='ltr'><strong>subter</strong></span> <span class='ocrx_word' id='word_1_330' title='bbox 1910 2237 2068 2280; x_wconf 87' lang='lat' dir='ltr'><strong>specus</strong></span> <span class='ocrx_word' id='word_1_331' title='bbox 2088 2229 2132 2265; x_wconf 90' lang='lat' dir='ltr'><strong>et</strong></span> <span class='ocrx_word' id='word_1_332' title='bbox 2152 2222 2401 2280; x_wconf 88' lang='lat' dir='ltr'><strong>Cyclopum</strong></span> <span class='ocrx_word' id='word_1_333' title='bbox 2424 2236 2553 2268; x_wconf 87' lang='lat' dir='ltr'><strong>exesa</strong></span> 
     </span>
    </p>
   </div>
   <div class='ocr_carea' id='block_1_6' title="bbox 365 2290 2622 2348">
    <p class='ocr_par' dir='ltr' id='par_1_7' title="bbox 365 2290 2622 2348">
     <span class='ocr_line' id='line_1_33' title="bbox 365 2290 2622 2348; baseline -0 -14"><span class='ocrx_word' id='word_1_334' title='bbox 365 2291 547 2334; x_wconf 82' lang='lat' dir='ltr'><strong>caminis</strong></span> <span class='ocrx_word' id='word_1_335' title='bbox 577 2293 750 2334; x_wconf 83' lang='lat' dir='ltr'><strong>Antra</strong></span> <span class='ocrx_word' id='word_1_336' title='bbox 780 2297 949 2335; x_wconf 81' lang='lat' dir='ltr'><strong>Aetnea</strong></span> <span class='ocrx_word' id='word_1_337' title='bbox 974 2294 1176 2334; x_wconf 84' lang='lat' dir='ltr'><strong>tonant.“</strong></span> <span class='ocrx_word' id='word_1_338' title='bbox 1233 2291 1391 2346; x_wconf 84' lang='lat' dir='ltr'><strong>G.1V‚</strong></span> <span class='ocrx_word' id='word_1_339' title='bbox 1408 2293 1511 2335; x_wconf 84' lang='grc'><strong>4293</strong></span> <span class='ocrx_word' id='word_1_340' title='bbox 1540 2292 1685 2346; x_wconf 86' lang='lat' dir='ltr'><strong>„Cum</strong></span> <span class='ocrx_word' id='word_1_341' title='bbox 1717 2290 2146 2347; x_wconf 31' lang='lat' dir='ltr'><strong>Proteus-consueta</strong></span> <span class='ocrx_word' id='word_1_342' title='bbox 2175 2298 2324 2348; x_wconf 88' lang='lat' dir='ltr'><strong>petens</strong></span> <span class='ocrx_word' id='word_1_343' title='bbox 2354 2306 2378 2334; x_wconf 94' lang='lat' dir='ltr'><strong>e</strong></span> <span class='ocrx_word' id='word_1_344' title='bbox 2408 2291 2555 2334; x_wconf 66' lang='lat' dir='ltr'><strong>flucti&#39;-</strong></span> <span class='ocrx_word' id='word_1_345' title='bbox 2618 2316 2622 2322; x_wconf 94' lang='lat'>·</span> 
     </span>
    </p>
   </div>
   <div class='ocr_carea' id='block_1_7' title="bbox 363 2358 2555 2959">
    <p class='ocr_par' dir='ltr' id='par_1_8' title="bbox 363 2358 2555 2959">
     <span class='ocr_line' id='line_1_34' title="bbox 366 2358 2554 2417; baseline -0 -15"><span class='ocrx_word' id='word_1_346' title='bbox 366 2358 461 2402; x_wconf 78' lang='lat' dir='ltr'><strong>bus</strong></span> <span class='ocrx_word' id='word_1_347' title='bbox 479 2364 616 2400; x_wconf 76' lang='lat' dir='ltr'><strong>antra</strong></span> <span class='ocrx_word' id='word_1_348' title='bbox 636 2359 782 2402; x_wconf 85' lang='lat' dir='ltr'><strong>Ibat.“</strong></span> <span class='ocrx_word' id='word_1_349' title='bbox 841 2359 987 2401; x_wconf 86' lang='lat' dir='ltr'><strong>Etiam</strong></span> <span class='ocrx_word' id='word_1_350' title='bbox 1016 2359 1136 2414; x_wconf 86' lang='lat' dir='ltr'><strong>quod</strong></span> <span class='ocrx_word' id='word_1_351' title='bbox 1163 2360 1327 2417; x_wconf 81' lang='lat' dir='ltr'><strong>legitur</strong></span> <span class='ocrx_word' id='word_1_352' title='bbox 1355 2361 1460 2402; x_wconf 81' lang='lat'>403:</span> <span class='ocrx_word' id='word_1_353' title='bbox 1490 2360 1626 2415; x_wconf 83' lang='lat' dir='ltr'><strong>„Ipse</strong></span> <span class='ocrx_word' id='word_1_354' title='bbox 1657 2373 1739 2416; x_wconf 74' lang='lat' dir='ltr'><strong>ego</strong></span> <span class='ocrx_word' id='word_1_355' title='bbox 1769 2367 1836 2413; x_wconf 77' lang='lat' dir='ltr'><strong>te,</strong></span> <span class='ocrx_word' id='word_1_356' title='bbox 1874 2359 2041 2402; x_wconf 86' lang='lat' dir='ltr'><strong>medios</strong></span> <span class='ocrx_word' id='word_1_357' title='bbox 2070 2374 2168 2401; x_wconf 92' lang='lat' dir='ltr'><strong>cum</strong></span> <span class='ocrx_word' id='word_1_358' title='bbox 2206 2359 2270 2401; x_wconf 89' lang='lat' dir='ltr'><strong>sol</strong></span> <span class='ocrx_word' id='word_1_359' title='bbox 2301 2359 2554 2401; x_wconf 77' lang='lat' dir='ltr'><strong>accenderit</strong></span> 
     </span>
     <span class='ocr_line' id='line_1_35' title="bbox 364 2425 2555 2482; baseline 0 -13"><span class='ocrx_word' id='word_1_360' title='bbox 364 2431 510 2471; x_wconf 69' lang='lat' dir='ltr'><strong>asem·</strong></span> <span class='ocrx_word' id='word_1_361' title='bbox 539 2450 596 2459; x_wconf 90' lang='lat'><strong>--</strong></span> <span class='ocrx_word' id='word_1_362' title='bbox 621 2425 686 2468; x_wconf 72' lang='lat' dir='ltr'><strong>‘In</strong></span> <span class='ocrx_word' id='word_1_363' title='bbox 716 2432 924 2470; x_wconf 77' lang='lat' dir='ltr'><strong>secreta</strong></span> <span class='ocrx_word' id='word_1_364' title='bbox 960 2427 1075 2469; x_wconf 87' lang='lat' dir='ltr'><strong>senis</strong></span> <span class='ocrx_word' id='word_1_365' title='bbox 1108 2426 1324 2481; x_wconf 68' lang='lat' dir='ltr'><strong>ducam-‚⁶⁴</strong></span> <span class='ocrx_word' id='word_1_366' title='bbox 1360 2441 1466 2469; x_wconf 85' lang='lat' dir='ltr'><strong>cave</strong></span> <span class='ocrx_word' id='word_1_367' title='bbox 1501 2441 1556 2469; x_wconf 87' lang='lat' dir='ltr'><strong>ne</strong></span> <span class='ocrx_word' id='word_1_368' title='bbox 1591 2427 1795 2482; x_wconf 84' lang='lat' dir='ltr'><strong>suppleas</strong></span> <span class='ocrx_word' id='word_1_369' title='bbox 1827 2427 1944 2480; x_wconf 80' lang='lat' dir='ltr'><strong>loca,</strong></span> <span class='ocrx_word' id='word_1_370' title='bbox 1985 2441 2122 2482; x_wconf 90' lang='lat' dir='ltr'><strong>quum</strong></span> <span class='ocrx_word' id='word_1_371' title='bbox 2158 2426 2430 2469; x_wconf 84' lang='lat' dir='ltr'><strong>substantivi·</strong></span> <span class='ocrx_word' id='word_1_372' title='bbox 2456 2427 2555 2470; x_wconf 72' lang='lat' dir='ltr'><strong>viee</strong></span> 
     </span>
     <span class='ocr_line' id='line_1_36' title="bbox 363 2492 2551 2550; baseline 0.001 -17"><span class='ocrx_word' id='word_1_373' title='bbox 363 2493 575 2548; x_wconf 73' lang='lat' dir='ltr'><strong>fungatur</strong></span> <span class='ocrx_word' id='word_1_374' title='bbox 604 2492 889 2548; x_wconf 83' lang='lat' dir='ltr'><strong>adjectivum,</strong></span> <span class='ocrx_word' id='word_1_375' title='bbox 925 2494 1039 2536; x_wconf 81' lang='lat' dir='ltr'><strong>sicut</strong></span> <span class='ocrx_word' id='word_1_376' title='bbox 1065 2494 1175 2537; x_wconf 82' lang='lat' dir='ltr'><strong>caeli</strong></span> <span class='ocrx_word' id='word_1_377' title='bbox 1213 2506 1430 2548; x_wconf 78' lang='lat' dir='ltr'><strong>convexa,</strong></span> <span class='ocrx_word' id='word_1_378' title='bbox 1469 2493 1525 2535; x_wconf 90' lang='lat' dir='ltr'><strong>de</strong></span> <span class='ocrx_word' id='word_1_379' title='bbox 1556 2494 1715 2549; x_wconf 89' lang='lat' dir='ltr'><strong>quibus</strong></span> <span class='ocrx_word' id='word_1_380' title='bbox 1743 2493 1840 2535; x_wconf 89' lang='lat' dir='ltr'><strong>vide</strong></span> <span class='ocrx_word' id='word_1_381' title='bbox 1869 2494 1913 2535; x_wconf 90' lang='lat' dir='ltr'><strong>in</strong></span> <span class='ocrx_word' id='word_1_382' title='bbox 1948 2495 1987 2550; x_wconf 63' lang='grc' dir='ltr'><strong>ξ.</strong></span> <span class='ocrx_word' id='word_1_383' title='bbox 2020 2493 2056 2547; x_wconf 90' lang='lat'><strong>1,</strong></span> <span class='ocrx_word' id='word_1_384' title='bbox 2083 2496 2118 2535; x_wconf 90' lang='lat'><strong>1.</strong></span> <span class='ocrx_word' id='word_1_385' title='bbox 2143 2518 2198 2526; x_wconf 94' lang='lat'>—</span> <span class='ocrx_word' id='word_1_386' title='bbox 2225 2493 2340 2535; x_wconf 89' lang='lat' dir='ltr'><strong>Tum</strong></span> <span class='ocrx_word' id='word_1_387' title='bbox 2371 2494 2428 2535; x_wconf 89' lang='lat' dir='ltr'><strong>A.</strong></span> <span class='ocrx_word' id='word_1_388' title='bbox 2462 2493 2551 2549; x_wconf 83' lang='lat' dir='ltr'><strong>XI,</strong></span> 
     </span>
     <span class='ocr_line' id='line_1_37' title="bbox 366 2558 2551 2618; baseline 0.001 -16"><span class='ocrx_word' id='word_1_389' title='bbox 366 2561 469 2602; x_wconf 66' lang='lat'><strong>522:</strong></span> <span class='ocrx_word' id='word_1_390' title='bbox 496 2558 662 2615; x_wconf 85' lang='lat' dir='ltr'><strong>„Hane</strong></span> <span class='ocrx_word' id='word_1_391' title='bbox 688 2574 822 2617; x_wconf 87' lang='lat' dir='ltr'><strong>super</strong></span> <span class='ocrx_word' id='word_1_392' title='bbox 848 2575 873 2603; x_wconf 89' lang='lat' dir='ltr'><strong>e</strong></span> <span class='ocrx_word' id='word_1_393' title='bbox 895 2560 1093 2617; x_wconf 84' lang='lat' dir='ltr'><strong>speculis</strong></span> <span class='ocrx_word' id='word_1_394' title='bbox 1121 2562 1447 2618; x_wconf 85' lang='lat' dir='ltr'><strong>summoque-in</strong></span> <span class='ocrx_word' id='word_1_395' title='bbox 1467 2561 1628 2604; x_wconf 85' lang='lat' dir='ltr'><strong>vertice</strong></span> <span class='ocrx_word' id='word_1_396' title='bbox 1653 2561 1813 2605; x_wconf 90' lang='lat' dir='ltr'><strong>montis</strong></span> <span class='ocrx_word' id='word_1_397' title='bbox 1835 2560 2043 2605; x_wconf 85' lang='lat' dir='ltr'><strong>Planities</strong></span> <span class='ocrx_word' id='word_1_398' title='bbox 2070 2561 2224 2618; x_wconf 85' lang='lat' dir='ltr'><strong>ignota</strong></span> <span class='ocrx_word' id='word_1_399' title='bbox 2239 2561 2357 2617; x_wconf 87' lang='lat' dir='ltr'><strong>jacet</strong></span> <span class='ocrx_word' id='word_1_400' title='bbox 2377 2561 2551 2617; x_wconf 88' lang='lat' dir='ltr'><strong>tutique</strong></span> 
     </span>
     <span class='ocr_line' id='line_1_38' title="bbox 364 2620 2552 2686; baseline 0 -16"><span class='ocrx_word' id='word_1_401' title='bbox 364 2630 675 2684; x_wconf 80' lang='lat' dir='ltr'><strong>receptus‚“</strong></span> <span class='ocrx_word' id='word_1_402' title='bbox 706 2627 798 2670; x_wconf 85' lang='lat' dir='ltr'><strong>sive</strong></span> <span class='ocrx_word' id='word_1_403' title='bbox 829 2627 939 2686; x_wconf 80' lang='lat' dir='ltr'><strong>legis</strong></span> <span class='ocrx_word' id='word_1_404' title='bbox 969 2643 1180 2684; x_wconf 86' lang='lat' dir='ltr'><strong>recessus,</strong></span> <span class='ocrx_word' id='word_1_405' title='bbox 1212 2620 1334 2686; x_wconf 83' lang='lat' dir='ltr'><strong>quod</strong></span> <span class='ocrx_word' id='word_1_406' title='bbox 1363 2628 1420 2672; x_wconf 90' lang='lat' dir='ltr'><strong>ad</strong></span> <span class='ocrx_word' id='word_1_407' title='bbox 1451 2644 1541 2672; x_wconf 89' lang='lat' dir='ltr'><strong>rem</strong></span> <span class='ocrx_word' id='word_1_408' title='bbox 1571 2645 1659 2672; x_wconf 90' lang='lat' dir='ltr'><strong>non</strong></span> <span class='ocrx_word' id='word_1_409' title='bbox 1689 2630 1895 2686; x_wconf 88' lang='lat' dir='ltr'><strong>pertinet.</strong></span> <span class='ocrx_word' id='word_1_410' title='bbox 1912 2654 1965 2662; x_wconf 89' lang='lat'><strong>—</strong></span> <span class='ocrx_word' id='word_1_411' title='bbox 1987 2629 2102 2672; x_wconf 88' lang='lat' dir='ltr'><strong>Dein</strong></span> <span class='ocrx_word' id='word_1_412' title='bbox 2129 2628 2354 2684; x_wconf 88' lang='lat' dir='ltr'><strong>aptissime</strong></span> <span class='ocrx_word' id='word_1_413' title='bbox 2380 2643 2552 2684; x_wconf 92' lang='lat' dir='ltr'><strong>ponun-</strong></span> 
     </span>
     <span class='ocr_line' id='line_1_39' title="bbox 364 2695 2552 2755; baseline 0 -17"><span class='ocrx_word' id='word_1_414' title='bbox 364 2703 439 2739; x_wconf 79' lang='lat' dir='ltr'><strong>tur</strong></span> <span class='ocrx_word' id='word_1_415' title='bbox 466 2696 515 2739; x_wconf 79' lang='lat' dir='ltr'><strong>in</strong></span> <span class='ocrx_word' id='word_1_416' title='bbox 534 2696 648 2739; x_wconf 85' lang='lat' dir='ltr'><strong>bunc</strong></span> <span class='ocrx_word' id='word_1_417' title='bbox 667 2695 848 2738; x_wconf 90' lang='lat' dir='ltr'><strong>modum</strong></span> <span class='ocrx_word' id='word_1_418' title='bbox 876 2695 1039 2753; x_wconf 86' lang='lat' dir='ltr'><strong>adyta</strong></span> <span class='ocrx_word' id='word_1_419' title='bbox 1067 2711 1120 2740; x_wconf 93' lang='lat' dir='ltr'><strong>ac</strong></span> <span class='ocrx_word' id='word_1_420' title='bbox 1150 2697 1478 2754; x_wconf 84' lang='lat' dir='ltr'><strong>penetralia,</strong></span> <span class='ocrx_word' id='word_1_421' title='bbox 1506 2698 1671 2755; x_wconf 91' lang='lat' dir='ltr'><strong>quippe</strong></span> <span class='ocrx_word' id='word_1_422' title='bbox 1693 2712 1880 2754; x_wconf 89' lang='lat' dir='ltr'><strong>quorum</strong></span> <span class='ocrx_word' id='word_1_423' title='bbox 1901 2697 2070 2742; x_wconf 89' lang='lat' dir='ltr'><strong>indoles</strong></span> <span class='ocrx_word' id='word_1_424' title='bbox 2090 2702 2291 2741; x_wconf 88' lang='lat' dir='ltr'><strong>cernatur</strong></span> <span class='ocrx_word' id='word_1_425' title='bbox 2309 2696 2355 2738; x_wconf 87' lang='lat' dir='ltr'><strong>in</strong></span> <span class='ocrx_word' id='word_1_426' title='bbox 2376 2697 2552 2747; x_wconf 88' lang='lat' dir='ltr'><strong>occulto</strong></span> 
     </span>
     <span class='ocr_line' id='line_1_40' title="bbox 365 2763 2552 2824; baseline 0 -17"><span class='ocrx_word' id='word_1_427' title='bbox 365 2770 500 2821; x_wconf 72' lang='lat' dir='ltr'><strong>atque</strong></span> <span class='ocrx_word' id='word_1_428' title='bbox 529 2763 693 2807; x_wconf 87' lang='lat' dir='ltr'><strong>abdito.</strong></span> <span class='ocrx_word' id='word_1_429' title='bbox 751 2763 811 2818; x_wconf 91' lang='lat'><strong>11,</strong></span> <span class='ocrx_word' id='word_1_430' title='bbox 828 2764 934 2807; x_wconf 82' lang='grc'><strong>2973</strong></span> <span class='ocrx_word' id='word_1_431' title='bbox 964 2766 1330 2823; x_wconf 85' lang='lat' dir='ltr'><strong>„Aeternumque</strong></span> <span class='ocrx_word' id='word_1_432' title='bbox 1360 2765 1506 2824; x_wconf 83' lang='lat' dir='ltr'><strong>adytis</strong></span> <span class='ocrx_word' id='word_1_433' title='bbox 1536 2765 1662 2809; x_wconf 83' lang='lat' dir='ltr'><strong>effert</strong></span> <span class='ocrx_word' id='word_1_434' title='bbox 1690 2766 1989 2823; x_wconf 89' lang='lat' dir='ltr'><strong>penetralibus</strong></span> <span class='ocrx_word' id='word_1_435' title='bbox 2017 2766 2207 2823; x_wconf 85' lang='lat' dir='ltr'><strong>ignem.“</strong></span> <span class='ocrx_word' id='word_1_436' title='bbox 2264 2766 2367 2808; x_wconf 87' lang='grc'><strong>4043</strong></span> <span class='ocrx_word' id='word_1_437' title='bbox 2404 2764 2552 2820; x_wconf 85' lang='lat' dir='ltr'><strong>„Ecce</strong></span> 
     </span>
     <span class='ocr_line' id='line_1_41' title="bbox 364 2830 2554 2891; baseline 0 -16"><span class='ocrx_word' id='word_1_438' title='bbox 364 2832 622 2876; x_wconf 83' lang='lat' dir='ltr'><strong>trahebatur</strong></span> <span class='ocrx_word' id='word_1_439' title='bbox 652 2832 796 2889; x_wconf 84' lang='lat' dir='ltr'><strong>passis</strong></span> <span class='ocrx_word' id='word_1_440' title='bbox 824 2831 1044 2876; x_wconf 86' lang='lat' dir='ltr'><strong>Priameia</strong></span> <span class='ocrx_word' id='word_1_441' title='bbox 1070 2833 1198 2891; x_wconf 82' lang='lat' dir='ltr'><strong>virgo</strong></span> <span class='ocrx_word' id='word_1_442' title='bbox 1227 2832 1434 2885; x_wconf 72' lang='lat' dir='ltr'><strong>Crinibus</strong></span> <span class='ocrx_word' id='word_1_443' title='bbox 1464 2850 1491 2877; x_wconf 92' lang='lat' dir='ltr'><strong>a</strong></span> <span class='ocrx_word' id='word_1_444' title='bbox 1517 2834 1683 2891; x_wconf 89' lang='lat' dir='ltr'><strong>templo</strong></span> <span class='ocrx_word' id='word_1_445' title='bbox 1724 2832 1975 2878; x_wconf 86' lang='lat' dir='ltr'><strong>Cassandra</strong></span> <span class='ocrx_word' id='word_1_446' title='bbox 2008 2833 2242 2891; x_wconf 86' lang='lat' dir='ltr'><strong>adytisque</strong></span> <span class='ocrx_word' id='word_1_447' title='bbox 2278 2830 2554 2877; x_wconf 83' lang='lat' dir='ltr'><strong>Minervae.“</strong></span> 
     </span>
     <span class='ocr_line' id='line_1_42' title="bbox 363 2899 2550 2959; baseline -0.001 -15"><span class='ocrx_word' id='word_1_448' title='bbox 363 2899 453 2955; x_wconf 79' lang='grc' dir='ltr'>ΙΙΙ,</span> <span class='ocrx_word' id='word_1_449' title='bbox 476 2901 551 2944; x_wconf 86' lang='grc'><strong>923</strong></span> <span class='ocrx_word' id='word_1_450' title='bbox 597 2907 675 2955; x_wconf 85' lang='lat' dir='ltr'><strong>„et</strong></span> <span class='ocrx_word' id='word_1_451' title='bbox 721 2901 892 2958; x_wconf 82' lang='lat' dir='ltr'><strong>mugire</strong></span> <span class='ocrx_word' id='word_1_452' title='bbox 941 2900 1087 2959; x_wconf 83' lang='lat' dir='ltr'><strong>adytis</strong></span> <span class='ocrx_word' id='word_1_453' title='bbox 1134 2901 1305 2946; x_wconf 85' lang='lat' dir='ltr'><strong>cortina</strong></span> <span class='ocrx_word' id='word_1_454' title='bbox 1351 2902 1576 2946; x_wconf 85' lang='lat' dir='ltr'><strong>reclusis.“</strong></span> <span class='ocrx_word' id='word_1_455' title='bbox 1637 2902 1695 2957; x_wconf 88' lang='lat' dir='ltr'><strong>V,</strong></span> <span class='ocrx_word' id='word_1_456' title='bbox 1727 2903 1803 2944; x_wconf 87' lang='grc'><strong>843</strong></span> <span class='ocrx_word' id='word_1_457' title='bbox 1845 2902 2059 2957; x_wconf 84' lang='lat' dir='ltr'><strong>„Dixerat</strong></span> <span class='ocrx_word' id='word_1_458' title='bbox 2104 2902 2213 2945; x_wconf 90' lang='lat' dir='ltr'><strong>haec</strong></span> <span class='ocrx_word' id='word_1_459' title='bbox 2258 2900 2405 2958; x_wconf 86' lang='lat' dir='ltr'><strong>adytis</strong></span> <span class='ocrx_word' id='word_1_460' title='bbox 2451 2914 2550 2942; x_wconf 91' lang='lat' dir='ltr'><strong>cum</strong></span> 
     </span>
    </p>
   </div>
  </div>
 </body>
</html>
