2952 3777
1328 216 1679 283 ..ιε-’.-

406 362 786 423 qumeeornm
803 360 1128 421 expsdffionem
1144 359 1406 408 robur-aret
1421 359 1491 420 <id
1504 361 1632 420 qnod
1643 366 1764 408 recte
1783 359 2008 423 perspexit
2020 358 2196 419 Heni-y,
2214 357 2377 413 Philol-
2391 358 2481 417 xl,
2495 360 2600 415 60&

405 432 485 489 qui
511 438 661 478 tamen
680 432 828 476 minus
854 430 968 474 bene
995 429 1170 474 silentia
1188 428 1350 474 voi-titz-
1370 427 1446 477 die
1469 429 1593 476 stille
1615 429 1748 487 Zeit).
1791 429 1994 486 Apparet
2014 441 2131 486 ergo
2154 426 2366 477 insu‘vira
2378 428 2600 485 pluralem

403 500 541 544 verbo
570 498 693 556 quod
721 505 791 542 ost
817 496 959 540 amica
987 494 1257 541 extollendo.
1304 493 1372 552 11,
1387 496 1495 541 ⁷552
1524 497 1730 554 „Hom-or
1757 496 1929 553 ubique<
1949 495 2114 550 animo,
2142 493 2274 540 simul
2302 494 2404 552 ipsa
2428 494 2603 546 silentia

403 569 635 611 terrent-“⁴
670 564 733 609 Et
764 564 852 608 hoc
886 563 989 608 loco
1028 564 1347 608 sententiarum
1382 564 1688 623 conjunctione
1724 564 1983 611 adducimur
2016 568 2068 607 ut
2100 561 2345 621 cogitemus
2379 561 2439 606 de
2473 569 2601 609 vasto

402 633 577 676 silentio
615 638 660 675 et
696 631 895 675 horroris
929 631 1072 688 pleno.
1132 630 1221 675 Ov.
1240 631 1354 676 Met.
1373 630 1462 687 IV,
1484 632 1590 674 4332
1620 632 1793 686 „Ducit
1826 632 1887 675 ad
1924 631 2115 674 infernas
2151 645 2231 688 per
2267 635 2391 673 muta
2424 628 2600 674 silentia

402 698 576 744 sedes.“
625 700 730 745 Jam
761 713 902 755 quum
931 698 1050 744 hisce
1079 698 1191 743 locis
1217 698 1339 742 notio
1365 697 1587 756 plurativo
1612 714 1774 756 parum
1802 698 1999 758 quidem,
2028 698 2198 743 eluceat
2225 704 2387 753 tamen,
2413 711 2599 755 prorsus

400 769 568 824 rejecta
604 768 676 810 vel
711 768 945 810 immutata
982 774 1050 810 est
1086 767 1133 809 in
1157 765 1395 818 {sententiis
1438 781 1550 821 quas
1591 781 1710 809 nunc
1740 766 1891 811 affero.
1951 769 2007 810 A.
2029 766 2119 821 111,
2144 766 2246 810 112:
2274 765 2426 820 „Hinc
2459 773 2599 810 mater

402 835 567 878 cultrix
604 834 802 892 Cybelae
840 833 1200 892 Corybantiaque
1233 848 1335 878 aera
1375 832 1647 890 Idaeumque
1681 849 1856 887 nemus;
1891 834 1996 879 hinc
2030 835 2122 879 fida
2153 834 2325 879 silentia
2361 834 2499 879 sacris
2535 835 2599 880 Et

397 904 544 960 juncti
573 917 752 946 currum
780 902 985 947 dominae
1012 901 1188 946 subiere
1213 901 1410 946 leones.“
1468 900 1531 955 X,
1553 903 1629 944 63:
1669 908 1794 956 „tum
1824 903 1948 960 regia
1974 901 2009 945 J
2011 918 2099 946 uno
2126 904 2244 947 Acta
2271 902 2421 946 furore
2446 904 2596 960 gravi:

403 970 511 1026 quid
543 985 611 1013 me
641 970 733 1013 alta
762 970 940 1014 silentia
964 969 1086 1026 cogis
1107 967 1388 1026 Rumpere?“
1417 968 1481 1012 ita
1509 976 1559 1013 ut
1589 976 1815 1026 appareat,
1844 970 2092 1027 Vergilium
2122 970 2169 1013 in
2199 970 2282 1014 hoc
2302 970 2485 1027 pluralis
2511 985 2598 1015 usu

402 1051 429 1080 a
455 1037 583 1080 finita
612 1052 761 1081 rerum
790 1036 1041 1095 cognitione
1071 1036 1316 1095 profectum
1347 1036 1486 1094 magis
1513 1037 1738 1095 magisque
1767 1037 1824 1081 ad
1850 1037 2063 1082 infinitam
2091 1037 2368 1094 processisse.
2390 1064 2445 1072 —
2465 1038 2508 1082 A
2538 1038 2597 1083 si-

399 1104 548 1147 lentiis
578 1119 718 1161 quum
748 1105 890 1148 facilis
919 1105 978 1147 sit
1006 1104 1217 1148 transitus
1245 1103 1302 1146 ad
1330 1103 1472 1159 furta,
1503 1105 1711 1147 continuo
1742 1119 1856 1161 quae
1886 1105 1941 1148 de
1972 1105 2056 1148 hoc
2083 1104 2301 1148 vocabulo
2333 1119 2595 1149 commemo·

400 1171 545 1214 randa
580 1172 810 1225 videntur,
855 1172 927 1214 hio
967 1172 1244 1229 subjungam.
1316 1169 1453 1224 Quod
1499 1172 1537 1214 si
1579 1172 1767 1228 legimus
1801 1172 1890 1226 XI,
1921 1174 2025 1214 515:
2067 1171 2265 1226 „Furta
2307 1188 2417 1229 paro
2461 1173 2596 1215 belli“

400 1239 587 1283 fortasse
616 1240 805 1295 cogitari
841 1239 985 1295 possit
1022 1238 1077 1281 de
1106 1238 1351 1294 explicandi
1379 1239 1470 1291 via,
1509 1239 1679 1293 qualem
1717 1239 1830 1281 infra
1860 1238 2084 1291 inibimus,
2123 1238 2160 1282 si
2194 1238 2251 1281 de
2282 1238 2398 1282 dolis
2427 1247 2596 1297 agetur.

402 1304 494 1351 Sed
533 1306 726 1351 noluisse
762 1306 847 1352 nisi
885 1305 941 1351 ad
969 1305 1195 1350 notionem
1228 1305 1391 1351 occulti
1427 1306 1740 1350 incrementum
1770 1305 1950 1364 aliquod
1979 1304 2123 1350 aflerri
2152 1310 2325 1363 poetam
2355 1306 2475 1351 haud
2505 1308 2596 1353 scio

402 1389 459 1418 an
487 1380 610 1418 certo
640 1374 824 1432 prodeat
851 1389 905 1418 ex
934 1374 1022 1429 IX,
1042 1374 1143 1417 150:
1172 1374 1402 1429 „tenebras
1432 1380 1477 1418 et
1506 1375 1663 1417 inertia
1692 1375 1811 1418 furta
1839 1374 2027 1418 Palladii
2057 1373 2194 1418 caesis
2223 1388 2418 1418 summae
2447 1381 2596 1419 custo-

403 1442 534 1486 dibus
565 1444 679 1499 arcis
708 1442 780 1485 Ne
809 1442 1046 1494 timeant,“
1085 1441 1162 1483 ubi
1191 1447 1236 1483 et
1263 1442 1467 1486 tenebrae
1498 1448 1541 1484 et
1570 1442 1725 1485 inertia
1756 1442 1814 1485 ad
1844 1442 1958 1486 hanc
1988 1442 2324 1498 explicationem
2349 1442 2594 1499 impellunt.

401 1509 502 1553 Cat.
531 1511 599 1564 12,
623 1511 669 1551 7:
706 1509 867 1564 „crede
897 1509 1086 1551 Pollioni
1113 1509 1275 1564 Fratri,
1311 1509 1391 1565 qui
1420 1516 1496 1553 tua
1525 1509 1643 1551 furta
1679 1510 1748 1552 vel
1778 1511 1944 1553 talento
1975 1510 2141 1553 Mutari
2172 1510 2321 1553 velit.“
2381 1507 2465 1552 Ov.
2481 1510 2594 1554 Met.

399 1578 465 1633 11,
489 1578 599 1620 696:
634 1576 810 1632 „Tutus
840 1591 934 1620 eas:
971 1576 1082 1633 lapis
1113 1577 1195 1620 iste
1232 1577 1357 1633 prius
1390 1583 1469 1619 tua
1505 1576 1621 1619 furta
1651 1576 1902 1633 loquetur.“
1959 1577 2147 1620 Accedit
2181 1583 2232 1620 ut
2259 1577 2369 1620 haec
2397 1579 2509 1621 ratio
2537 1579 2596 1622 ad

400 1661 533 1688 usum
561 1644 968 1699 frequentissimum
987 1649 1233 1699 poetarum,
1262 1660 1316 1686 ex
1346 1659 1434 1700 quo
1455 1644 1573 1685 furta
1604 1643 1658 1685 de
1689 1644 1927 1686 concubitu
1949 1644 2117 1698 dicunt,
2147 1645 2375 1701 aptissima
2395 1645 2597 1688 videatur

400 1728 508 1756 esse.
566 1711 624 1755 G.
649 1711 730 1764 IV,
755 1712 860 1753 346:
896 1710 1182 1767 „Martisque
1213 1710 1338 1754 dolos
1368 1717 1414 1753 et
1443 1710 1591 1753 dulcia
1621 1711 1781 1753 furta.“
1840 1708 1926 1752 Ov.
1950 1711 2061 1754 Met.
2084 1711 2166 1765 IV,
2192 1713 2291 1753 174:
2325 1712 2596 1769 „Junonige-

399 1794 572 1835 uaeque
610 1779 768 1821 marito
798 1777 941 1820 Furta
980 1778 1064 1820 tori
1095 1777 1290 1833 furtique
1319 1777 1465 1821 locum
1502 1778 1810 1830 monstravit;“
1849 1779 2034 1822 fortasse
2067 1778 2198 1821 etiam
2229 1779 2418 1822 conferri
2448 1786 2596 1836 potest

400 1863 441 1889 v,
471 1849 573 1889 191:
607 1846 782 1901 „Inque
812 1845 930 1889 vices
965 1844 1090 1887 illum
1117 1850 1260 1889 tectos
1296 1845 1372 1900 qui
1400 1844 1528 1887 laesit
1564 1859 1733 1887 amores
1763 1845 1927 1888 Laedit
1963 1861 2112 1888 amore
2140 1845 2280 1902 pari.“
2309 1871 2365 1879 —
2395 1846 2594 1890 Transeo

400 1914 465 1956 ad.
491 1928 697 1956 cursus.
756 1913 813 1954 A.
837 1912 950 1964 XII,
972 1913 1047 1954 84:
1092 1912 1290 1968 „(poscit
1323 1914 1478 1966 equos)
1516 1911 1718 1954 Pilumno
1755 1928 1867 1967 quos
1905 1914 2002 1968 ipsa
2042 1912 2178 1955 decus
2215 1912 2340 1955 dedit
2376 1911 2594 1970 Orithyia,

403 1978 493 2034 Qui
523 1979 713 2023 candore
744 1979 868 2022 nives
899 1978 1131 2033 anteirent,
1160 1978 1361 2024 cursibus
1389 1983 1562 2022 auras.“
1606 1980 1756 2035 Atque
1786 1993 1938 2024 cursus
1968 1979 2171 2022 hocloco
2200 1994 2287 2022 non
2315 1979 2464 2023 valere
2495 1995 2594 2023 cur-

399 2063 512 2102 sum,
542 2046 620 2091 sed
640 2061 818 2090 cursum
841 2046 1028 2089 celerem
1046 2045 1114 2089 vel
1135 2045 1355 2103 rapidum,
1387 2054 1507 2090 certo
1539 2047 1690 2103 colligi
1716 2053 1861 2103 potest
1892 2062 1920 2090 e
1942 2046 2133 2090 candore
2160 2046 2237 2102 qui
2260 2047 2488 2103 oppositus
2516 2053 2593 2091 est.

400 2115 467 2160 Ut
486 2115 601 2158 enim
621 2115 659 2157 is
682 2114 875 2157 continet
904 2114 1126 2157 notionem
1146 2112 1424 2171 adjectivam,
1455 2129 1593 2170 quum
1613 2114 1759 2157 valeat
1776 2115 1967 2158 colorem
1996 2115 2159 2169 album,
2189 2114 2252 2157 ita
2277 2114 2324 2157 id
2356 2114 2473 2170 quod
2494 2114 2593 2158 albo

398 2181 657 2240 respondet:
689 2181 845 2236 celere,
873 2181 1033 2238 plurali
1071 2196 1253 2224 numero
1282 2180 1515 2225 indicatur.
1573 2179 1703 2235 Quod
1736 2182 1774 2225 si
1809 2182 2043 2226 candorem
2074 2181 2283 2225 vertimus
2308 2181 2373 2224 in:
2404 2181 2594 2236 Weisse,

400 2265 556 2293 cursus
596 2248 830 2291 reddamus
868 2255 1045 2304 oportet
1081 2247 1237 2291 verbo:
1279 2246 1616 2305 Schnelligkeit.
1676 2248 1733 2291 G.
1763 2250 1849 2300 ΠΙ,
1874 2250 1949 2292 2οι
1986 2247 2189 2302 „Cuncta
2233 2248 2337 2290 mihi
2373 2249 2593 2304 Alpheum

399 2317 606 2371 linquens
649 2316 861 2371 lucosque
894 2314 1117 2359 Molorchi
1161 2313 1376 2359 Cursibus
1421 2323 1465 2358 et
1501 2315 1637 2360 crudo
1682 2316 1886 2359 decernet
1921 2314 2109 2359 Graecia
2152 2318 2344 2358 caestu.“
2403 2314 2491 2359 Res
2528 2323 2595 2359 est

398 2383 572 2437 eadem,
611 2384 697 2427 nisi
729 2383 850 2438 quod
875 2383 920 2425 in
950 2383 1126 2427 nomine
1163 2382 1285 2438 quod
1313 2384 1585 2426 contrarium
1621 2391 1688 2427 est
1719 2384 1914 2427 cursibus
1943 2399 2030 2426 non
2059 2383 2165 2425 latet
2193 2382 2478 2439 adjectivum,
2516 2383 2594 2426 sed

399 2466 557 2508 reapse
579 2451 623 2494 ei.
640 2450 841 2494 additum
859 2457 931 2494 est
960 2450 1152 2506 (crudo).
1203 2451 1303 2493 1192
1335 2449 1618 2506 „Exquirunt
1639 2450 1918 2507 calidumque
1936 2451 2091 2495 animis
2120 2456 2164 2493 et
2184 2450 2384 2495 cursibus
2404 2454 2594 2494 acrem.“

399 2519 498 2562 Nec
538 2526 647 2575 puto
686 2520 812 2561 aliter
849 2518 1109 2575 accipienda
1144 2531 1240 2562 esse
1271 2518 1509 2575 effugia,
1552 2533 1664 2574 quae
1702 2518 1834 2563 semel
1880 2518 1999 2574 apud
2037 2519 2280 2576 Vergilium
2316 2518 2595 2561 inveniuntur

399 2587 457 2629 A.
474 2586 537 2641 II,
557 2587 656 2629 140:
688 2601 884 2642 „poenas
905 2586 963 2629 ob
988 2593 1140 2631 nostra
1159 2592 1395 2642 reposcent
1414 2585 1640 2642 Effugia;“
1670 2602 1760 2642 quo
1784 2587 1933 2641 verbo,
1965 2593 2014 2630 ut
2040 2586 2101 2632 ait
2118 2585 2315 2641 Servius,
2344 2586 2594 2639 utebantur,

400 2655 438 2697 si
468 2653 629 2707 hostia,
658 2668 771 2709 quae
801 2653 859 2695 ad
890 2668 988 2696 aras
1019 2653 1209 2697 adducta
1236 2659 1331 2696 erat
1360 2653 1638 2706 immolanda,
1669 2668 1774 2696 casu
1803 2653 2057 2711 effugiebat.
2112 2654 2226 2698 Utut
2254 2669 2323 2698 res
2353 2659 2433 2707 est,
2463 2654 2594 2710 fugae

399 2721 715 2778 praecipitatae
744 2722 865 2764 notio
897 2721 1001 2764 huic
1029 2721 1127 2764 loco
1156 2719 1267 2763 bene
1296 2721 1528 2763 convenire
1558 2720 1742 2763 videtur.

516 2787 567 2831 Si
596 2788 735 2831 verba
767 2803 879 2844 quae
909 2794 1015 2831 sunt
1042 2788 1109 2845 vis
1139 2786 1346 2845 gaudium
1377 2802 1478 2845 spes
1508 2788 1593 2831 alia
1623 2803 1704 2845 per
1733 2787 2041 2844 metonymiam
2072 2787 2293 2844 quandam
2320 2787 2376 2831 de
2405 2802 2593 2845 persona

400 2855 611 2899 dicuntur
641 2863 777 2911 atque
816 2855 1049 2912 pluraliter
1076 2860 1324 2911 ponuntur,
1363 2861 1408 2898 et
1436 2856 1533 2911 ipsa
1559 2856 1859 2914 gradationem
1895 2855 2101 2898 exhibent
2139 2855 2594 2910 vehementioremque

401 2923 536 2966 animi
564 2922 770 2967 affectum
798 2923 1005 2967 indicant.
1054 2922 1096 2978 1,
1115 2923 1221 2966 664:
1249 2921 1412 2977 ,‚Nate,
1441 2937 1563 2965 meae
1584 2923 1738 2977 vires,
1769 2938 1864 2966 mea
1893 2938 2051 2980 magna
2072 2923 2266 2980 potentia
2292 2922 2461 2978 solus,“
2492 2920 2595 2964 vide

2362 3126 2388 3145 S
