2952 3777
1363 246 1670 314 ...gl-

416 375 649 420 Latinus.“
707 372 796 418 Sed
828 388 974 418 arcem
1004 375 1135 418 etiam
1173 388 1301 419 omne
1329 388 1540 419 cacumen
1569 374 1806 432 designare
1843 373 1914 417 vel
1943 376 2105 418 montis
2134 375 2202 418 vel
2230 366 2356 420 collis
2382 379 2610 435 eujusdam

416 447 610 497 constat,
645 441 768 485 velut
793 439 852 485 Gr.
874 440 940 497 11,
965 440 1049 484 535
1085 445 1253 496 septem
1289 439 1424 487 colles
1453 440 1620 486 Romae
1657 440 1869 485 dicuntur
1903 447 2075 498 septem
2112 456 2248 486 arces.
2305 442 2364 485 A.
2387 442 2473 500 m,
2503 445 2609 490 5532

414 509 611 567 „attollit
638 523 687 553 se
716 507 820 552 diva
842 507 1025 552 Lacinia
1053 514 1212 551 contra
1240 505 1543 565 Caulonisque
1575 523 1697 554 arces
1726 515 1773 553 et
1799 508 2070 567 navifragum
2100 507 2406 567 Scylaceumf‘
2457 511 2538 568 VI,
2560 514 2609 557 9:

414 579 511 635 „At
529 578 629 636 pius
657 576 830 620 Aeneas
849 590 987 631 arces,
1017 574 1183 633 quibus
1204 575 1317 620 altus
1347 575 1516 633 Apollo
1542 576 1799 621 Praesidet“
1830 582 1912 621 cet.
1939 576 2046 631 VII,
2061 577 2165 620 696:
2195 576 2288 631 „Hi
2306 575 2503 623 Soractis
2530 580 2610 624 ha-

414 644 522 688 bent
555 657 678 687 arces
707 642 999 700 Flaviniaque
1029 646 1181 687 arva.“
1238 644 1302 687 At
1330 643 1369 687 si
1400 658 1481 686 arx
1510 642 1727 699 quaedam
1756 650 1876 688 certa
1913 643 2207 702 intellegitur,
2244 643 2403 689 dubito
2434 661 2489 690 an
2517 645 2607 691 sin-

413 712 579 771 gularis
609 710 816 755 usitatior
845 711 924 764 sit3
952 711 1017 756 sic
1046 711 1102 755 de
1132 725 1230 755 arce
1259 708 1511 768 Capitolina
1539 708 1669 765 VIII,
1696 712 1805 755 657:
1836 709 1988 767 „Galli
2017 726 2096 769 per
2125 711 2280 757 dumos
2310 712 2509 769 aderant,
2535 729 2607 758 ar-

411 794 597 835 cemque
632 778 884 822 tenebant-‘⁶
942 780 1048 823 652:
1078 779 1162 835 „In
1207 792 1375 823 summo
1415 784 1565 829 custos
1602 777 1817 835 Tarpeiae
1855 778 2055 823 Manlius
2090 779 2248 823 arcis.“
2305 780 2409 824 357:
2445 780 2606 836 „Hanc

412 847 446 891 J
448 862 560 892 anus
590 854 731 904 pater,
759 847 872 890 hanc
902 845 1115 891 Saturnus
1144 845 1342 890 condidit
1368 850 1542 890 arcem“
1568 847 1652 903 (sic
1682 845 1796 888 enim
1827 845 1999 889 videtur
2024 847 2258 904 legendum
2287 850 2421 904 esse);
2452 863 2606 903 quam·
2660 891 2665 897 ,

414 930 544 972 quam
565 928 620 957 ne
650 914 734 956 hac
762 913 942 970 quidem
970 915 1016 957 in
1038 928 1084 957 re
1115 913 1199 956 sibi
1223 913 1513 958 constiterunt
1542 919 1714 971 poetae,
1746 927 1884 969 quum
1904 912 2119 957 Horatius
2149 928 2280 958 carm.
2310 915 2349 971 I,
2365 916 2407 971 2,
2428 916 2472 959 3:
2501 930 2607 972 „ru-

411 983 543 1027 bente
572 981 770 1024 Dextera
799 995 946 1025 sacras
968 981 1186 1038 jaculatus
1215 985 1366 1026 arces“
1391 981 1633 1038 scripserit,
1664 995 1807 1036 neque
1832 981 2067 1036 quicquam
2096 981 2215 1025 aliud
2245 982 2449 1027 videatur
2477 983 2607 1027 intel·
2644 1033 2646 1035 v

411 1048 648 1107 legendum
671 1063 782 1103 esse,
812 1049 896 1092 nisi
927 1065 1006 1091 arx
1035 1046 1298 1107 Capitolina..
1349 1047 1558 1092 Ceterum
1588 1049 1765 1104 saepius
1795 1063 1932 1104 quum
1952 1048 2050 1092 aliis
2081 1055 2176 1091 tum
2196 1064 2247 1092 ea
2276 1064 2407 1094 causa
2425 1052 2606 1108 ponitur

411 1116 662 1173 singularis,
678 1122 743 1159 ¹ut
771 1116 936 1173 ingrati
972 1117 1205 1173 genetivus
1247 1116 1422 1159 dativus
1465 1116 1684 1158 ablativus
1722 1115 1905 1170 pluralis
1942 1117 2113 1158 numeri
2142 1116 2403 1161 devitentur.
2461 1119 2518 1161 A.
2543 1118 2605 1173 II,
2676 1146 2684 1153 ·

412 1186 516 1229 165:
553 1182 740 1239 „Fatale
775 1182 975 1241 adgressi
1017 1189 1186 1227 sacrato
1223 1183 1408 1227 avellere
1451 1183 1616 1240 templo
1654 1182 1903 1226 Palladium
1938 1184 2076 1228 caesis
2113 1199 2310 1229 summae
2346 1185 2604 1230 custodibus

412 1253 574 1306 arcis,“
604 1252 688 1294 hoc
718 1251 816 1294 loco
842 1253 935 1308 jam
966 1250 1023 1294 ad
1052 1249 1293 1309 acuendam
1322 1253 1544 1295 notionem
1574 1266 1768 1295 summae
1800 1250 1983 1306 pluralis
2012 1251 2251 1295 admodum
2281 1260 2409 1309 aptus
2439 1254 2606 1297 fuisset.

410 1320 501 1375 ΙΙΙ,
519 1320 621 1363 531:
652 1319 985 1374 „templumque
1013 1324 1200 1375 apparet
1227 1318 1272 1361 in
1302 1333 1402 1362 arce
1433 1318 1707 1361 Minervae.“
1752 1318 1834 1373 VI,
1858 1321 1929 1360 17:
1959 1318 2337 1375 „Chalcidicaque
2367 1321 2478 1364 levis
2507 1327 2604 1364 tan·

411 1388 510 1432 dem
540 1401 676 1443 super
705 1386 846 1429 astitit
876 1389 1019 1429 arce.“
1081 1385 1186 1440 VII,
1204 1386 1272 1429 70.
1303 1384 1439 1440 VIII,
1458 1388 1494 1429 1.
1523 1385 1596 1429 IX
1613 1386 1681 1430 86.
1740 1384 1826 1428 Vel
1856 1386 1953 1429 soni
1977 1386 2301 1442 jucunditatem
2331 1394 2509 1432 secutus
2539 1394 2606 1432 est

410 1462 551 1513 poeta.
609 1453 771 1508 L2502
802 1452 945 1507 „Nos,
976 1459 1054 1496 tua
1084 1454 1333 1510 progenies,
1362 1454 1471 1497 caeli
1503 1453 1666 1510 quibus
1695 1453 1851 1496 adnuis
1881 1458 2071 1496 arcem.“
2130 1455 2231 1497 366:
2261 1455 2365 1510 „ubi
2395 1469 2509 1498 nunc
2537 1455 2604 1498 in·

410 1523 562 1582 gentia
600 1535 753 1565 cernes
788 1520 964 1564 Moenia
999 1529 1342 1578 surgentemque
1378 1536 1518 1580 novae
1554 1521 1844 1578 Karthaginis
1882 1526 2074 1563 areem.“
2131 1522 2195 1577 II,
2223 1523 2328 1565 226:
2365 1521 2604 1577 „dracones

408 1590 643 1648 Effugiant
678 1602 924 1643 saevaeque
967 1595 1125 1644 petunt
1161 1588 1404 1632 T-ritonidis
1441 1590 1631 1642 arcem,“
1676 1588 1842 1632 scilicet
1877 1594 1927 1631 ut
1961 1588 2135 1632 sibilum
2174 1589 2370 1632 evitaret.
2430 1588 2603 1632 Rursus

411 1658 509 1702 aliis
540 1657 666 1712 locis,
695 1656 770 1698 ubi
801 1670 1006 1699 numerus
1034 1655 1282 1712 plurativus
1302 1656 1536 1710 invenitur,
1565 1670 1613 1698 re
1642 1670 1743 1698 vera
1772 1655 2107 1713 adgnoscendae
2135 1664 2238 1701 sunt
2264 1657 2426 1715 plures.
2470 1656 2510 1713 I,
2527 1657 2604 1700 20:

411 1725 711 1783 „Progeniem
747 1723 823 1767 sed
861 1724 976 1766 enim
1007 1723 1199 1781 Trojano
1230 1740 1256 1767 a
1284 1725 1496 1782 sanguine
1534 1724 1638 1766 duci
1667 1724 1909 1778 Audierat,
1946 1724 2106 1781 Tyrias
2135 1725 2241 1769 olim
2270 1741 2385 1782 quae
2414 1731 2605 1769 verteret

409 1796 575 1837 arces.“
627 1792 729 1836 298:
768 1790 868 1855 „Ut
904 1797 1047 1835 terrae
1080 1800 1220 1847 utque
1259 1807 1397 1835 novae
1442 1798 1621 1849 pateant
1659 1792 1944 1849 Karthaginis
1978 1808 2098 1836 arces
2135 1793 2345 1849 Hospitio
2379 1793 2603 1837 Teucris.“

408 1852 514 1904 2120:
544 1860 767 1915 „Jamque
804 1858 1101 1903 ascendebant
1136 1859 1294 1903 collem
1324 1860 1403 1915 qui
1433 1860 1648 1917 plurimus
1684 1858 1786 1901 urbi
1808 1859 2020 1903 vImminet
2056 1860 2348 1916 adversasque
2378 1860 2605 1916 adspectat

409 1929 603 1984 desuper
631 1929 797 1971 arces.“
838 1926 923 1980 VI,
940 1928 1037 1970 774.
1067 1926 1132 1982 Χ,
1152 1927 1217 1970 12.
1240 1925 1299 1970 G.
1316 1927 1380 1981 II,
1401 1928 1564 1970 172-
1581 1926 1665 1982 XI,
1682 1928 1785 1969 526:
1816 1926 1980 1982 „Hanc
2001 1942 2133 1983 super
2164 1943 2187 1969 e
2217 1928 2456 1984 speculis
2486 1943 2604 1972 sum-

408 2010 569 2052 moque
599 1995 646 2037 iu
676 1995 843 2038 vertice
874 1994 1033 2039 montis
1063 1993 1273 2039 Planities
1302 1994 1454 2052 ignota
1479 1997 1640 2052 jacet.“
1698 1994 1782 2049 IV,
1798 1994 1900 2036 586:
1931 1994 2134 2051 „Regina
2159 2009 2187 2037 e
2216 1995 2404 2049 speculis
2434 2004 2483 2038 ut
2511 1997 2603 2051 pri-

408 2077 524 2106 mam
555 2062 775 2104 albescere
804 2061 947 2103 lucem
977 2061 1149 2105 Vidit.“
1199 2061 1307 2116 VH,
1329 2064 1432 2106 511:
1462 2064 1556 2116 „At
1584 2076 1715 2105 saeva
1744 2076 1768 2104 e
1798 2060 1990 2116 speculis
2014 2067 2189 2117 tempus
2220 2060 2303 2112 dea
2332 2069 2491 2104 nancta
2522 2077 2602 2105 no-

408 2129 539 2189 cendi
567 2128 726 2171 Ardua
756 2135 872 2171 tecta
901 2128 1012 2207 petit
1042 2128 1245 2171 stabuli.“
1295 2128 1486 2173 Pluralis
1512 2128 1596 2182 hic,
1627 2143 1760 2184 quum
1790 2128 1969 2184 proprie
1989 2127 2205 2187 significet
2230 2128 2449 2186 speculam
2470 2129 2603 2173 altam

405 2205 503 2240 tum
533 2197 665 2239 etiam
694 2195 740 2238 id
769 2202 971 2252 spectare
1001 2202 1166 2252 potest,
1198 2196 1318 2251 quod
1343 2196 1547 2252 speculae
1569 2195 1801 2238 altitudine
1831 2196 2027 2238 efficitur.
2078 2195 2219 2251 Atqui
2250 2196 2289 2238 si
2318 2197 2419 2252 quis
2449 2197 2493 2239 in
2514 2196 2604 2239 alta

406 2264 587 2321 specula
624 2279 672 2306 se
703 2263 891 2305 collocat
921 2262 967 2304 id
996 2263 1111 2319 agit,
1144 2270 1194 2305 ut
1223 2263 1329 2305 nihil
1358 2264 1584 2305 oculorum
1622 2263 1759 2305 aciem
1790 2262 1988 2319 effugiat.
2048 2263 2228 2305 Excitat
2257 2263 2393 2320 igitur
2423 2264 2602 2320 pluralis

404 2332 453 2374 in
482 2331 638 2374 animis
667 2330 907 2388 legentium
943 2330 1165 2373 notionem
1195 2330 1383 2388 alicujus
1422 2331 1500 2386 qui
1538 2345 1637 2372 cum
1668 2345 1836 2373 summa
1868 2331 2000 2373 animi
2030 2330 2304 2374 contentione
2338 2332 2604 2389 circumspe-

406 2405 508 2444 ctat.
530 2426 585 2432 —
609 2397 667 2442 G.
688 2398 753 2451 II,
775 2398 878 2441 307:
909 2397 1041 2451 „inde
1082 2405 1260 2441 secutus
1298 2398 1386 2441 Per
1416 2414 1560 2441 ramos
1592 2398 1730 2440 victor
1766 2413 1934 2453 perque
1973 2399 2063 2439 alta
2094 2399 2370 2441 cacumina
2406 2404 2602 2455 regnat.“

405 2468 462 2510 A.
478 2466 564 2520 IV,
581 2466 684 2509 462:
716 2465 945 2521 „Solaque
975 2464 1297 2510 culminibus
1328 2466 1452 2509 ferali
1482 2465 1671 2508 carmine
1702 2465 1821 2507 bubo
1852 2462 1995 2521 Saepe
2026 2466 2181 2520 queri“
2212 2474 2293 2508 cet.
2324 2492 2374 2497 —-
2408 2466 2473 2520 11,
2497 2467 2601 2509 758:

405 2533 567 2589 „Ilicet
604 2534 719 2590 ignis
758 2533 867 2576 edax
903 2548 1072 2576 summa
1109 2532 1165 2575 ad
1201 2532 1429 2590 fastigia
1466 2541 1597 2574 vento
1636 2532 1889 2574 Volvitur.“
1947 2533 2050 2574 302:
2087 2533 2330 2587 „Excutior
2365 2549 2517 2577 somno
2557 2542 2602 2577 et

406 2601 565 2646 summi
609 2601 784 2658 fastigia
826 2601 932 2644 tecti
969 2602 1167 2645 Ascensu
1213 2603 1417 2656 supero.“
1483 2600 1587 2643 458:
1623 2599 1809 2655 „Evado
1853 2599 1908 2643 ad
1946 2600 2102 2644 summi
2139 2600 2313 2658 fastigia
2357 2602 2600 2645 culminis.“

407 2667 542 2722 VIII,
562 2670 668 2710 4912
699 2667 1016 2723 „Obtruncant
1035 2669 1193 2722 socios,
1223 2668 1369 2724 ignem
1390 2667 1447 2709 ad
1477 2667 1652 2725 fastigia
1674 2669 1886 2724 jactant.“
1933 2667 2021 2722 IX,
2036 2667 2140 2710 408:
2170 2682 2323 2722 „sacra
2350 2666 2407 2716 ad
2428 2668 2601 2725 fastigia

405 2735 526 2778 fixi.“
584 2736 732 2791 Atque
761 2735 884 2791 quod
914 2722 1056 2778 etiam¹
1074 2735 1207 2790 VIII,
1231 2736 1333 2778 366:
1365 2734 1526 2790 „Dixit
1565 2742 1611 2779 et
1639 2736 1814 2792 angusti
1851 2728 2002 2791 supter
2028 2735 2201 2792 fastigia
2239 2735 2343 2778 tecti
2371 2734 2599 2793 Ingentem

406 2804 607 2846 Aeneam
636 2801 791 2845 duxit“
821 2802 1036 2859 pluralem
1063 2803 1328 2858 invenimus,
1359 2818 1624 2860 quamquam
1662 2803 1715 2845 de
1744 2810 1933 2860 angusto
1963 2809 2080 2845 tecto
2111 2803 2279 2859 agitur,
2315 2802 2362 2846 id
2392 2803 2495 2846 inde
2524 2819 2600 2847 ex-

406 2870 662 2926 plicandum
695 2876 784 2925 est,
815 2870 935 2926 quod
963 2869 1228 2912 vocabulum
1258 2871 1422 2927 fastigii
1451 2886 1529 2926 per
1558 2885 1605 2913 se
1635 2871 1780 2926 ipsum
1812 2870 2111 2927 gradationem
2142 2870 2364 2926 quandam
2395 2872 2598 2927 continet,

406 2938 467 2981 ita
496 2943 559 2992 ut,
590 2953 671 2994 pro
701 2938 874 2981 ratione
903 2937 1123 2992 nimirum,
1155 2938 1287 2981 etiam
1315 2936 1372 2981 de
1402 2938 1593 2995 fastigiis
1624 2939 1810 2994 exiguae
1841 2937 1996 2981 domus
2028 2938 2116 2981 dici
2141 2940 2291 2994 possit.
2314 2963 2370 2972 —
2393 2939 2476 2991 IV,
2494 2940 2598 2981 666:
