2952 3777
1286 259 1630 316 „25-

365 385 585 448 dependet
612 385 831 431 amictus“
859 386 906 431 in
931 386 1052 431 hunc
1079 401 1209 432 usum
1236 387 1380 445 cadit,
1413 403 1517 436 nam
1542 389 1642 435 sine
1669 387 1815 433 dnbio
1847 388 2156 433 vestimentum
2184 387 2424 434 charontis
2457 389 2546 433 fnit

360 453 522 512 ὅξωμίς.
565 452 774 499 Ceterum
801 453 839 498 si
869 468 999 512 saepe
1026 453 1074 498 in
1101 454 1318 505 similibus
1330 454 1569 503 causantis
1596 455 1833 519 singul-ris
1852 470 2032 520 quoque
2049 460 2206 512 exstat,
2235 454 2284 500 id
2311 461 2363 500 ut
2387 456 2545 503 sibilus

364 522 603 568 evitaretur
629 521 794 572 factum
822 536 919 567 esse
947 529 1146 580 apparet.
1203 519 1284 568 Sic
1301 522 1343 580 I,
1362 518 1467 570 501:
1495 522 1616 579 „illa
1622 522 1874 582 pharetram
1902 522 2009 568 Fert
2036 523 2222 588 humei-p
2249 523 2546 591 gradiensque

365 587 471 636 deas
499 590 795 649 supereminet
824 605 984 635 omnes.
986 593 1015 617 “
1064 588 1123 646 V,
1140 590 1245 635 558.
1273 589 1417 648 „Pars
1445 591 1557 637 levis
1585 591 1770 638 humero
1798 589 2070 649 pharetras.“
2112 591 2201 649 XI,
2216 592 2321 636 575:
2349 589 2544 650 „Spicu-

363 658 496 715 laque
524 673 579 702 ex
607 657 790 701 humero
818 655 975 715 parvae
1004 658 1235 715 suspendit
1263 666 1309 704 et
1335 673 1503 703 arcum.
1504 662 1534 686 “
1577 659 1683 704 652·
1712 659 1922 714 „Aureus
1951 673 2007 702 ex
2035 658 2220 703 humero
2254 665 2385 704 sonat
2413 674 2542 704 arcus

362 731 409 768 et
428 739 548 768 arma
576 724 789 768 Dianae.“
812 751 866 757 -
887 723 1071 768 Addere
1105 724 1248 781 liceat,
1277 726 1409 770 etiam
1439 718 1618 770 barbam
1644 724 1872 784 pluraliter
1898 739 1926 768 a
1951 723 2154 782 Vergilio
2183 726 2313 782 poni,
2340 725 2388 770 id
2417 725 2542 782 quod

356 794 451 849 jam
479 798 650 836 veteres
675 792 1023 835 observaverunt
1044 792 1120 848 (cf.
1140 792 1391 837 testimonia
1418 791 1538 850 apud
1556 791 1878 850 Ribbeokium).
1920 791 1983 835 Et
2006 792 2226 844 invenitur
2249 792 2424 849 quidem
2454 794 2542 838 hoc

362 859 624 903 vocabulum
641 858 700 902 G.
721 858 807 912 111,
828 859 932 902 311:
963 859 1090 914 „Nec
1108 860 1252 904 minus
1273 860 1443 903 interea
1467 858 1659 904 barbas
1670 860 1916 915 incanaque
1943 865 2113 902 menta
2132 857 2344 916 Cinyphii
2356 860 2540 905 tondent

362 925 525 981 hirci,“
554 940 637 969 nec
665 925 821 969 latebit
848 941 1128 983 quemquam,
1158 927 1451 972 adsimilatum
1482 941 1578 971 esse
1605 926 1769 971 crebris
1797 940 1850 980 ao
1878 925 2026 969 densis
2052 925 2212 969 barbae
2241 926 2450 982 crinibus,
2477 929 2540 971 ita

361 1000 414 1037 ut
442 993 710 1052 respondeat
739 993 829 1037 fere
858 1000 1028 1038 nostro:
1065 995 1226 1050 voller‚
1261 993 1432 1039 dichter
1459 993 1583 1038 Bart-
1639 993 1798 1051 Neque
1827 993 1955 1037 aliter
1991 993 2248 1052 explicanda
2284 1002 2389 1038 sunt
2423 1009 2537 1052 quae

362 1068 610 1119 sequuntur
637 1061 795 1105 incana
823 1068 982 1105 menta.
1039 1062 1174 1106 Addo
1195 1064 1252 1105 A.
1265 1062 1399 1117 VIII,
1415 1062 1519 1106 620:
1548 1061 1841 1116 „Terribilem
1859 1061 2041 1106 cristis
2061 1061 2278 1118 galeam.“
2321 1062 2408 1117 IX,
2430 1063 2535 1105 270:

359 1130 536 1186 „ipsum
555 1128 693 1184 illum,
714 1128 905 1186 clipeum
926 1128 1169 1186 cristasque
1189 1129 1385 1175 rubentis
1413 1129 1642 1186 Excipiam
1668 1129 1821 1175 σοι-ἥθ’

474 1195 566 1241 Sed
594 1197 732 1241 mirus
761 1196 836 1240 ille
864 1203 1113 1254 temporum
1143 1203 1188 1240 et
1216 1197 1499 1241 humerorum
1529 1211 1635 1242 usus
1670 1196 1801 1241 etiam
1831 1196 1878 1240 in
1905 1196 2017 1241 alias
2047 1202 2092 1240 et
2119 1196 2311 1242 infinitas
2339 1197 2535 1241 notiones

358 1270 501 1321 patet,
532 1264 684 1319 quales
721 1271 823 1308 sunt
860 1262 1183 1307 connubium
1220 1265 1520 1323 conjugium
1558 1264 1875 1322 hymenaeus
1911 1263 2174 1308 thalamus
2211 1263 2400 1309 foedus
2436 1264 2534 1308 alia.

357 1332 425 1376 Ut
453 1332 566 1374 enim
594 1332 873 1388 intellegatur
902 1340 991 1373 una
1018 1345 1070 1373 ac
1099 1337 1218 1374 certa
1247 1333 1374 1387 ratio,
1404 1340 1548 1375 tamen
1576 1337 1813 1389 usurpatur
1839 1331 2039 1388 pluralis,
2066 1332 2170 1386 quia
2195 1332 2240 1374 in
2260 1331 2370 1374 duas
2389 1338 2535 1388 partes

358 1414 410 1443 ea
440 1405 623 1455 spectat.
680 1399 778 1442 Nec
798 1412 897 1441 raro
926 1398 991 1452 fit,
1021 1404 1069 1441 ut
1095 1398 1179 1441 hoc
1199 1398 1330 1442 modo
1350 1398 1667 1445 vicissitudinis
1685 1398 1808 1456 notio
1832 1398 1971 1456 magis
1990 1406 2238 1442 exacuatur.
2296 1398 2533 1443 Videamus

360 1466 575 1522 exempla.
636 1464 695 1510 G.
719 1465 809 1520 ΙΙΙ,
826 1466 929 1509 275:
960 1480 1121 1522 „saepe
1151 1466 1245 1510 sine
1275 1466 1378 1511 ullis
1397 1465 1627 1524 Conjugiis
1655 1473 1789 1509 vento
1809 1465 2059 1524 gravidae.“
2116 1468 2173 1509 A.
2201 1466 2240 1522 Ι,
2261 1468 2364 1509 6512
2394 1466 2534 1522 „Per-

358 1548 486 1592 gama
516 1547 614 1576 cum
642 1539 809 1591 peteret
837 1533 1202 1589 inconcessosque
1231 1534 1536 1591 hymenaeos.“
1593 1532 1680 1588 111,
1702 1533 1806 1577 319:
1836 1532 2056 1590 „Pyrr-hin
2080 1532 2298 1577 connubia
2325 1532 2530 1577 servas?“

294 1646 299 1649 ,
356 1601 441 1656 IV,
457 1602 533 1643 992
561 1598 711 1657 „Quin
732 1600 877 1657 potius
898 1613 1049 1656 pacem
1076 1607 1294 1644 aeternam
1314 1608 1555 1658 pactosque
1576 1600 1841 1658 hymenaeos
1861 1599 2187 1645 Ειιιιτκιιιιιιεῖιι
2219 1599 2324 1656 VII,
2345 1601 2400 1658 96
2417 1615 2530 1657 seq.=

354 1669 458 1725 „Ne
487 1674 588 1726 pete
619 1668 847 1711 connubiis
877 1674 1023 1710 natam
1053 1668 1222 1711 sociare
1249 1668 1441 1723 Latinis,
1471 1667 1513 1712 Ο
1543 1683 1639 1712 mea
1667 1668 1910 1726 progenies,
1940 1668 2142 1713 thalamis
2177 1684 2260 1712 neu
2290 1668 2418 1712 crede
2450 1684 2530 1725 pa-

355 1737 506 1780 ratis.“
564 1736 667 1779 555:
697 1735 853 1790 „Talia
882 1735 1086 1793 conjugia
1115 1742 1159 1778 et
1187 1736 1287 1780 talis
1316 1735 1539 1779 celebrent
1557 1736 1819 1792 hymenaeos
1845 1736 2086 1793 Egregium
2106 1736 2287 1780 Veneris
2315 1751 2455 1792 genus
2484 1745 2530 1779 et

353 1818 430 1847 rex
457 1804 552 1859 ipse
578 1803 810 1846 Latinus.“
868 1801 955 1856 IX,
975 1802 1079 1845 600:
1110 1801 1334 1858 „Ensqui
1363 1807 1512 1845 nostra
1539 1802 1623 1846 sibi
1651 1801 1768 1846 bello
1798 1802 2015 1846 connubia
2043 1805 2280 1860 ροεοιιιιὶῑιι
2338 1803 2401 1856 Χ,
2425 1803 2527 1847 389:

352 1870 713 1927 „Anchemolum,
742 1870 958 1912 thalamos
988 1885 1142 1913 ausum
1171 1869 1385 1913 incestare
1407 1875 1660 1913 novercae.“
1717 1869 1816 1913 Cat.
1832 1872 1903 1926 64,
1923 1873 1998 1915 20:
2026 1871 2172 1927 „Tum
2192 1870 2345 1914 Thetis
2374 1870 2528 1913 huma-

351 1953 433 1982 nos
462 1953 549 1981 non
577 1937 780 1993 despexit
808 1937 1120 1994 hymenaeos,“
1148 1937 1202 1980 cf.
1229 1954 1269 1980 V.
1302 1939 1396 1983 141.
1455 1936 1505 1982 Si
1534 1944 1680 1981 autem
1707 1938 1926 1982 thalamus
1961 1945 2007 1981 et
2041 1938 2305 1995 hymenaeus
2334 1938 2528 1995 singula-

351 2006 458 2049 riter
506 2011 751 2063 ponuntur‚
796 2006 1016 2062 propriam
1071 2005 1260 2049 retinent
1302 2005 1675 2063 significationem.
1730 2006 1786 2050 A.
1823 2005 1909 2061 IV,
1938 2006 2012 2049 18:
2040 2004 2122 2060 „Si
2158 2020 2247 2048 non
2282 2012 2529 2062 pertaesum

348 2073 530 2115 thalami
547 2071 786 2128 taedaeque
801 2072 987 2115 fuisset“
1001 2078 1082 2116 cet.
1117 2073 1196 2115 127
1205 2089 1215 2114 z
1245 2072 1365 2128 „Hic
1381 2072 1666 2130 Hymenaeus
1683 2072 1811 2117 erit.“
1840 2072 1979 2116 Porro
2002 2073 2040 2117 si
2060 2079 2205 2116 cetera
2232 2072 2366 2115 verba
2394 2086 2525 2117 sensu

350 2140 510 2185 similia
538 2140 603 2183 sic
632 2146 922 2197 usurpantur,
958 2140 1005 2183 id
1040 2141 1135 2184 fieri
1170 2147 1320 2197 potest
1353 2146 1429 2184 aut
1459 2155 1511 2185 eo
1546 2140 1632 2185 fine
1666 2146 1717 2184 ut
1753 2140 1864 2184 ratio
1899 2141 1955 2184 ab
1992 2155 2080 2183 una
2116 2140 2262 2197 potius
2292 2155 2425 2197 quam
2462 2139 2518 2183 ab

348 2215 535 2264 utraque
563 2214 688 2265 parte
719 2207 817 2265 pari
843 2207 941 2265 lege
971 2207 1174 2251 videatur
1199 2208 1309 2251 inita
1338 2223 1445 2263 esse,
1475 2209 1591 2253 sicut
1609 2208 1648 2264 Ι,
1664 2209 1739 2253 73:
1767 2207 1995 2264 „Quarum
2017 2223 2128 2265 quae
2152 2208 2293 2251 forma
2316 2207 2523 2265 pulcher·

349 2277 459 2320 rima
488 2276 685 2332 Deiopea
713 2273 944 2318 Connubio
968 2278 1154 2333 jungam
1191 2276 1338 2319 stabili
1367 2277 1676 2332 propriamque
1704 2277 1908 2320 dicabo-‘⁶
1965 2278 2058 2319 Aut
2092 2277 2216 2318 notio
2245 2275 2416 2318 infinita
2443 2291 2524 2332 per

348 2359 396 2389 se
425 2342 746 2387 consideratur:
774 2341 963 2397 115579.
994 2342 1079 2397 111,
1108 2343 1204 2385 296.
1262 2344 1357 2385 Aut
1394 2343 1575 2386 leviores
1604 2349 1737 2399 atque
1770 2351 1976 2387 externae
2004 2358 2180 2387 caussae
2222 2343 2439 2386 valebant..
2465 2369 2525 2377 —

348 2412 464 2456 Tum
482 2411 577 2454 Eol.
610 2410 691 2463 VI,
707 2411 783 2454 50:
815 2411 911 2464 „At
939 2426 1025 2453 non
1047 2416 1136 2452 tam
1157 2412 1303 2466 turpis
1325 2410 1544 2467 pecudum
1566 2417 1712 2453 tamen
1731 2411 1821 2454 ulla
1841 2418 1991 2456 secuta
2013 2408 2328 2453 Concubitus.“
2358 2409 2417 2453 G.
2433 2411 2525 2464 ΙΙΙ,

351 2479 452 2522 130:
481 2477 590 2533 „ubi
619 2476 880 2521 concubitus
902 2477 1068 2533 primos
1087 2478 1178 2533 jam
1198 2483 1303 2520 nota
1326 2477 1524 2534 voluptas
1544 2473 1806 2527 Sollicitat&
1821 2503 1878 2511 —
1892 2476 2066 2521 Deinde
2080 2479 2134 2520 A.
2152 2477 2190 2530 Ι,
2206 2478 2306 2520 672:
2337 2493 2525 2531 „vereor

349 2560 437 2601 quo
467 2559 514 2589 se
540 2545 736 2588 Junonia
764 2550 940 2587 vertant
972 2543 1225 2600 Hospitia.“
1281 2544 1345 2599 X,
1365 2546 1467 2588 495:
1496 2542 1647 2599 „haud
1681 2542 1749 2587 illi
1782 2544 1964 2588 stabunt
1992 2544 2159 2587 Aeneia
2193 2558 2328 2600 parvo
2359 2544 2524 2601 Hospi-

347 2613 454 2654 tia.“
499 2611 585 2666 XI,
607 2613 709 2653 114:
742 2611 870 2666 „Nec
900 2610 1058 2653 bellum
1088 2625 1187 2653 cum
1206 2618 1336 2668 gente
1357 2626 1481 2670 gero:
1512 2626 1588 2655 rex
1607 2615 1756 2657 nostra
1774 2610 1953 2668 reliquit
1971 2611 2223 2669 Hospitia.“
2238 2636 2295 2645 —
2315 2609 2522 2668 Sequun-

346 2687 419 2722 tur
447 2679 634 2721 foedera.
681 2679 809 2731 VIII,
832 2680 907 2720 56:
942 2678 1070 2730 „Hos
1098 2679 1254 2720 castris
1284 2679 1444 2721 adhibe
1481 2680 1623 2722 socios
1648 2685 1694 2722 et
1727 2678 1903 2722 foedera
1930 2681 2115 2736 junge.“
2172 2680 2274 2721 540:
2309 2676 2522 2734 „poscant

347 2745 461 2789 acies
477 2752 521 2788 et
549 2744 730 2788 foedera
759 2749 994 2802 rumpant“
1025 2745 1263 2800 multisque
1286 2745 1382 2787 aliis
1410 2745 1543 2788 locis.-
1585 2745 1647 2788 Et
1674 2744 1759 2788 hoc
1788 2745 2046 2787 vocabulum
2076 2746 2253 2800 saepius
2281 2745 2519 2802 singulari-

345 2819 413 2856 ter
433 2813 611 2869 ponitur
630 2828 682 2856 eo
697 2812 790 2869 {fine
813 2819 864 2856 ut
885 2813 1023 2856 altera
1046 2828 1100 2856 ex
1124 2812 1295 2855 duabus
1317 2811 1514 2869 partibus
1534 2811 1749 2869 imprimis
1770 2818 2004 2869 spectetur.
2062 2811 2124 2867 X,
2146 2814 2245 2855 105:
2273 2809 2518 2866 „Quando-

345 2879 525 2935 quidem
553 2880 773 2924 Ausonios
801 2881 1005 2937 conjungi
1034 2880 1207 2924 foedere
1232 2880 1416 2923 Teucris
1432 2880 1534 2923 Hau
1561 2879 1778 2923 licitum.“
1833 2879 1944 2933 xn,
1969 2880 2069 2921 109:
2097 2877 2294 2933 „Oblato
2317 2879 2515 2936 gaudens

345 2946 549 3004 componi
577 2945 757 2991 foedere
797 2946 1003 3003 bellum‚“
1031 2948 1114 2993 etsi
1138 2947 1319 2991 dubium
1349 2953 1437 3002 est,
1474 2962 1529 2990 an
1556 2944 1770 2991 ablativos
1798 2946 1987 3004 plurales
2022 2947 2160 2989 vitare
2190 2946 2380 2990 voluerit
2408 2947 2517 2990 scri·

2204 3025 2228 3061 4
