2952 3777
1298 279 1631 329 „21-

371 410 535 468 „Tunc
548 410 679 455 etiam
698 410 803 462 fatis
821 410 967 467 aperit
987 408 1241 455 Cassandra
1257 408 1419 454 futuris
1436 405 1532 453 Ora
1559 406 1632 453 dei
1644 410 1775 467 jussu
1803 421 1891 452 non
1911 421 2119 464 umquam
2146 405 2313 450 credita
2330 406 2556 450 Teum-is!

370 479 458 557 ΠΙ,
477 478 584 523 457:
624 477 759 537 „Ipsa
791 477 1024 537 (Sibylla)
1042 483 1172 535 canat
1203 489 1441 534 vocemque
1472 475 1651 521 volens·
1651 481 1796 534 atque
1828 490 1908 520 ora
1937 475 2169 521 resolvat!
2227 473 2308 529 VI,
2330 474 2432 519 1023
2462 473 2558 529 „Ut

371 547 562 614 primum
599 546 733 590 cessit
760 545 887 589 furor
921 552 966 590 et
992 527 1149 589 rabida
1184 560 1263 589 ora
1289 544 1538 602 quierunt-⁸
1596 543 1758 601 Neque
1791 544 2014 588 omiserim
2041 544 2125 587 hac
2152 542 2301 586 oblata
2329 542 2558 589 occasione

374 628 724 668 commemorare,
754 613 886 657 etiam
914 613 1172 672 spiramenti
1199 612 1416 657 vocabulo
1442 611 1490 655 iu
1517 610 1635 655 hunc
1660 610 1843 655 modum
1870 612 1938 655 uti
1962 610 2235 689 Vergilium,
2270 624 2409 668 quum
2439 608 2560 653 haud

289 680 292 683 ’
373 682 506 726 dubie
535 681 775 738 respexerit
803 681 987 726 haustus
1021 697 1150 725 aurae
1177 680 1336 725 vitalis.
1392 679 1482 734 IX,
1501 678 1606 723 5803
1634 676 1996 736 „Spin-amenta
2025 679 2193 722 animae
2230 678 2351 722 letali
2378 677 2561 721 volnere

373 750 533 806 rupit.“
564 774 621 783 —-
649 747 766 791 Tum
795 748 914 804 quod
943 749 1106 806 legitur
1131 748 1217 803 VI,
1232 749 1336 791 4953
1367 745 1675 803 „Deiphobum
1702 745 1828 800 vidit,
1857 746 2050 789 lacerum
2077 745 2315 789 crudeliter
2343 761 2436 800 ora,
2462 743 2560 788 Ora

371 831 615 873 manusque
647 814 820 870 ambas,
852 815 1153 872 populataque
1188 821 1390 873 tempora
1422 813 1562 871 raptis
1590 812 1789 859 Auribus
1824 820 1869 858 et
1901 819 2081 858 truncas
2115 812 2348 857 inhonesto
2381 813 2559 857 volnere

372 885 519 930 naris“
540 883 673 939 vvide,
710 897 764 927 au
795 883 982 941 pluralis
1011 889 1190 929 exortus
1225 884 1285 929 sit
1312 898 1336 928 e
1366 883 1605 928 multorum
1633 881 1861 927 vulnerum
1891 882 2175 941 cogitatione3
2209 896 2292 926 nec
2326 881 2456 925 aliter
2484 896 2559 925 ex-

373 953 539 1010 plicare
558 952 701 1009 possis
719 951 828 1006 VH,
846 954 948 995 575:
969 953 1234 1008 „Almonem
1254 966 1440 1009 puerum
1459 950 1714 1007 foedatique
1733 965 1810 994 ora
1824 949 2045 995 Galaesi.“
2075 950 2158 1006 IV,
2174 950 2278 994 6733
2294 948 2560 1008 „Unguibus

374 1034 454 1062 ora
491 1018 614 1063 soror
641 1019 864 1062 foedans.“
923 1021 1014 1076 XI,
1035 1021 1109 1062 86:
1141 1020 1357 1074 „Pectora
1391 1032 1510 1062 nuuc
1537 1019 1716 1063 foedans
1744 1019 1924 1077 pugnis,
1961 1032 2078 1061 nunc
2104 1018 2327 1075 unguibus
2356 1021 2473 1060 ora.“
2507 1042 2560 1049 —

373 1087 512 1129 Porro
541 1086 857 1129 consideranda
886 1095 987 1130 sunt
1013 1088 1140 1130 haec:
1170 1087 1253 1141 Vl,
1269 1088 1372 1130 6993
1405 1085 1507 1141 „Sic
1533 1100 1778 1130 memorans
1796 1087 1923 1143 largo
1951 1087 2057 1129 fletu
2088 1086 2218 1128 simul
2239 1101 2317 1128 ora
2343 1085 2558 1142 rigabat.“

374 1153 461 1207 IX,
477 1154 583 1195 2513
614 1153 809 1207 „voltum
838 1154 1028 1198 lacrimis
1048 1162 1182 1210 atque
1212 1169 1292 1197 ora
1319 1154 1531 1212 rigabat.“
1576 1153 1636 1208 X,
1652 1153 1757 1196 7903
1788 1154 2105 1208 „lacrimaeque
2135 1168 2216 1208 per
2246 1168 2323 1195 ora
2344 1153 2558 1195 volutae.“

374 1220 438 1275 X,
456 1221 557 1263 7273
590 1220 727 1274 „lavit
755 1220 955 1277 improba
984 1224 1122 1265 taeter
1143 1219 1234 1265 Ora
1264 1225 1435 1264 cruor.“
1477 1220 1565 1276 XI,
1580 1221 1682 1264 6983
1714 1220 1901 1276 „volnus
1920 1219 2063 1263 calido
2084 1220 2201 1277 rigat
2229 1234 2308 1262 ora
2335 1219 2558 1262 cerebro.“

376 1287 550 1343 Quibus
579 1288 625 1331 in
654 1287 762 1332 locis
792 1304 972 1346 prorsus
1002 1290 1115 1333 inter
1143 1305 1191 1334 se
1211 1288 1429 1333 similibus
1456 1287 1512 1332 de
1541 1303 1593 1332 ea
1621 1287 1867 1346 explicandi
1887 1288 2057 1331 ratione
2085 1302 2173 1331 non
2203 1287 2387 1346 cogitari
2415 1302 2559 1344 posse,

375 1372 508 1412 quam
528 1357 712 1412 primam
733 1357 972 1411 attulimus,
1002 1358 1219 1400 sententia
1247 1372 1271 1400 e
1300 1371 1416 1399 nono
1435 1356 1552 1399 libro
1582 1356 1814 1413 desumpta
1841 1355 2052 1408 ostendit3
2081 1355 2279 1411 alioquin
2299 1356 2413 1398 enim
2444 1363 2561 1398 certe

377 1424 558 1468 dixisset
579 1423 807 1480 Vergilius
836 1424 996 1468 voltus.
1041 1424 1182 1467 Immo
1212 1424 1418 1480 quoniam
1445 1430 1643 1467 narratur
1671 1423 1728 1467 de
1746 1423 1940 1467 lacrimis
1968 1423 2038 1466 vel
2064 1423 2292 1467 cruoribus
2321 1438 2401 1480 per
2419 1430 2562 1466 totum

377 1506 426 1535 os
456 1491 603 1535 effusis
624 1491 904 1548 dispersisve,
934 1492 1061 1536 facile
1090 1492 1386 1549 adsequimur,
1415 1498 1605 1554 poetam,
1635 1506 1772 1549 quum
1792 1491 2009 1549 pluralem
2031 1497 2229 1548 poneret,
2256 1490 2449 1568 singulas
2475 1491 2561 1535 oris

376 1565 523 1617 partes
554 1564 785 1616 spectasse.
843 1561 995 1616 Atque
1028 1561 1135 1604 haec
1165 1562 1256 1604 fere
1284 1566 1405 1616 sunt,
1443 1574 1555 1616 quae
1585 1559 1641 1603 de
1670 1559 1823 1604 oribus
1853 1559 2039 1604 dicenda
2068 1559 2294 1614 videntur,
2331 1558 2413 1603 nisi
2441 1557 2560 1615 quod

376 1632 612 1683 supersunt
639 1627 726 1668 duo
756 1627 857 1681 loci,
887 1629 963 1682 qui
993 1634 1041 1670 ut
1061 1634 1178 1670 recte
1208 1629 1529 1699 perspiciantur
1557 1627 1707 1683 paullo
1736 1627 1850 1670 infra
1869 1628 2219 1684 explicabuntur,
2249 1632 2480 1683 postquam
2502 1625 2560 1668 de

375 1695 471 1738 aliis
499 1693 720 1736 nonnullis
749 1695 979 1771 egerimus.

491 1760 694 1815 Quorum
724 1761 912 1816 primum
941 1773 1008 1805 est
1033 1770 1208 1819 tergum
1237 1763 1468 1818 pluraliter
1495 1769 1769 1817 usurpatum.
1816 1761 1874 1805 G.
1890 1762 1979 1815 111,
1995 1764 2098 1804 4263
2127 1763 2313 1818 „anguis
2339 1760 2561 1816 Squamea

377 1827 643 1872 convolvens
680 1827 855 1871 sublato
890 1834 1067 1884 pectore
1103 1834 1152 1872 te
1163 1825 1296 1886 rga.“
1355 1829 1411 1871 A.
1432 1827 1496 1882 11,
1519 1830 1624 1871 4743
1661 1827 1887 1883 „Lubrica
1923 1829 2143 1872 convolvit
2177 1829 2350 1873 sublato
2386 1836 2562 1885 pectore

375 1899 540 1952 terga.“
600 1888 658 1949 V,
683 1896 757 1938 873
795 1892 1061 1949 „Caeruleae
1101 1896 1173 1939 cui
1207 1902 1335 1953 terga
1371 1904 1499 1940 notae
1535 1896 1782 1940 maculosus
1811 1903 1857 1940 et
1892 1912 1998 1940 auro
2028 1895 2267 1953 Squamam
2302 1897 2564 1941 incendebat

375 1963 561 2020 fulgor.“
621 1962 705 2005 Est
739 1969 883 2006 autem
918 1963 1193 2007 adsimilatus
1228 1978 1437 2008 numerus
1467 1963 1767 2009 voluminibus
1803 1965 1917 2022 tergi
1944 1964 2165 2008 draconis.
2223 1965 2373 2021 Atque
2409 1964 2563 2009 dubito

378 2045 434 2074 an
453 2029 517 2085 ΙΙ,
534 2030 637 2073 208:
670 2045 799 2087 „pars
830 2037 974 2075 cetera
994 2037 1181 2088 pontum
1201 2030 1322 2075 Pone
1342 2031 1462 2090 ‘legit
1481 2031 1712 2089 sinuatque
1739 2032 1951 2077 immensa
1980 2032 2202 2077 volumine
2222 2038 2375 2091 terga“
2407 2033 2562 2078 eodem

375 2099 508 2142 modo
539 2099 838 2156 accipiendum
875 2100 933 2143 sit
958 2099 1140 2143 verbum
1169 2099 1225 2143 de
1255 2114 1346 2156 quo
1375 2100 1546 2158 agitur,
1583 2114 1842 2157 quamquam
1881 2101 2033 2145 referri
2070 2106 2254 2158 possunt
2281 2107 2403 2160 terga
2430 2103 2559 2146 etiam

378 2167 434 2209 ad
472 2167 584 2209 duos
620 2164 803 2224 angue's.
863 2166 952 2209 Sed
991 2167 1109 2223 quod
1145 2168 1308 2225 legitur
1336 2167 1472 2222 VIII,
1494 2169 1601 2211 460:
1640 2167 1870 2222 „Demissa
1907 2168 1963 2211 ab
2001 2169 2126 2212 laeva
2160 2169 2394 2225 pantherae
2432 2176 2562 2227 terga

376 2238 664 2290 retorquens“
700 2233 844 2277 dictus
882 2242 950 2277 est
989 2235 1170 2291 pluralis
1206 2236 1419 2291 respectis
1456 2234 1750 2280 voluminibus
1777 2235 1926 2292 pellis,
1963 2251 2050 2292 qua
2086 2250 2132 2279 se
2162 2235 2308 2279 induit
2340 2236 2562 2280 Euander.

379 2301 471 2357 Qui
499 2317 606 2364 usus
634 2301 748 2344 infra
777 2302 1023 2345 accuratius
1052 2301 1325 2345 tractabitur.
1383 2301 1560 2344 Interea
1589 2316 1816 2359 compares
1845 2301 1929 2346 Ov.
1952 2303 2064 2347 Met.
2085 2304 2165 2358 IV,
2189 2306 2291 2348 101·
2323 2305 2562 2362 „Dumque

375 2370 490 2447 sugit
524 2377 650 2427 tergo
693 2370 906 2412 velamina
941 2370 1065 2426 lapsa
1109 2370 1296 2425 reliquit.
1303 2373 1325 2396 ‘⁴
1387 2370 1486 2412 1043
1527 2376 1708 2424 „tenues
1751 2370 1933 2413 laniavit
1967 2372 2164 2414 amictus.
2169 2376 2192 2399 “
2252 2373 2356 2415 596:
2392 2373 2564 2429 „Inque

377 2438 498 2481 sinus
529 2452 668 2492 caros,
698 2438 836 2480 veluti
865 2443 1167 2495 cognosceret,
1203 2436 1316 2488 ibat3
1304 2440 1343 2463 ·“
1374 2436 1560 2480 fortasse
1591 2436 1724 2480 etiam
1753 2435 1851 2481 Cat.
1874 2437 2405 2495 63‚10:„Quatiensque
2432 2447 2563 2497 terga

376 2505 494 2548 tauri
532 2504 692 2547 teneris
731 2520 836 2548 cava
872 2505 1060 2563 digitis«
1128 2505 1190 2547 At
1226 2505 1263 2549 si
1298 2511 1472 2562 tergum
1507 2504 1554 2548 in
1589 2504 1843 2550 uuiversum
1878 2506 2167 2564 significatur,
2211 2507 2444 2566 singularis
2478 2523 2561 2565 po·

376 2573 507 2616 nitur.
564 2571 687 2626 A.V,
704 2573 805 2615 351:
836 2572 939 2627 „Sic
964 2574 1081 2617 fatus
1108 2579 1281 2630 tergum
1311 2571 1494 2616 Gaetuli
1521 2574 1708 2616 immane
1738 2573 1999 2618 leonisvDat
2030 2574 2191 2619 Salio.“
2251 2576 2422 2620 Deinde
2451 2577 2562 2621 locis

378 2639 531 2696 quales
557 2644 659 2682 sunt
677 2639 785 2693 XII,
802 2641 905 2682 645:
937 2640 1108 2696 „Terga
1128 2640 1241 2682 dabo
1271 2647 1316 2682 et
1334 2640 1536 2684 Turnum
1554 2640 1794 2698 fugientem
1815 2641 1924 2685 haec
1942 2649 2063 2685 terra
2087 2643 2252 2686 videbit
2260 2643 2309 2685 ?“
2336 2644 2405 2686 vel
2422 2644 2479 2687 G.
2495 2644 2559 2700 11,

378 2707 482 2749 2713
503 2721 623 2763 „qua
645 2713 770 2764 parte
785 2707 950 2750 calores
973 2708 1210 2751 Austrinos
1232 2707 1396 2763 tulerit,
1426 2723 1539 2765 quae
1553 2714 1681 2766 terga
1693 2707 1931 2753 obverterit
1943 2711 2059 2764 axi‚“
2078 2710 2254 2753 videtur
2273 2718 2450 2755 secutus
2465 2727 2564 2756 esse

378 2774 607 2832 Vergilius
630 2790 794 2818 morem
810 2775 982 2818 dicendi
1004 2776 1136 2820 latius
1155 2782 1391 2832 patentem,
1414 2791 1468 2819 ex
1484 2790 1574 2832 quo
1588 2775 1635 2818 id
1655 2776 1772 2832 quod
1792 2778 1968 2833 proprie
1982 2777 2038 2820 de
2058 2778 2269 2822 militibus
2283 2779 2560 2835 fugientibus

378 2841 622 2896 dicebatur,
652 2843 783 2885 etiam
804 2842 862 2886 ad
893 2855 1027 2887 unum
1047 2843 1264 2886 homiuem
1292 2858 1477 2887 unamve
1498 2859 1590 2887 rem
1608 2845 1930 2889 transferretur.
1975 2844 2060 2890 Ov.
2074 2846 2185 2890 Met.
2201 2845 2265 2901 ΙΙ,
2283 2846 2384 2889 1873
2413 2847 2559 2902 „mul-

378 2915 473 2953 tum
488 2909 596 2953 caeli
610 2917 712 2967 post
726 2916 850 2968 terga
864 2911 1106 2955 relictum.“
1134 2911 1225 2967 III,
1237 2912 1311 2954 223
1332 2912 1514 2968 „Atque
1528 2912 1591 2955 ita
1605 2911 1841 2969 respiciens
1856 2913 2034 2958 comites
2050 2929 2131 2958 sua
2143 2920 2269 2972 terga
2282 2917 2560 2971 sequentes.“

379 2977 513 3034 XIV,
532 2978 634 3021 1433
664 2978 774 3035 „sed
787 2980 878 3036 jam
897 2980 1069 3023 felicior
1089 2987 1207 3025 aetas
1226 2979 1377 3038 Terga
1397 2979 1535 3035 dedit,
1563 2980 1837 3036 tremuloque
1862 2981 2006 3038 gradu
2026 2984 2145 3026 venit
2163 2998 2295 3041 aegra
2312 2986 2563 3027 senectus.“
