2952 3777
1317 269 1624 323 -ιςὲ

367 403 486 447 inter
512 410 664 446 omues
683 401 800 446 illius
824 403 1040 461 'temporis
1066 402 1135 461 vel
1157 402 1348 447 maxime
1375 403 1623 449 'rhetoricae
1649 404 1912 465 indulgeret.
1961 406 2119 466 Neque
2139 397 2270 455 fflter
2293 412 2562 472 expiicatur,

368 485 451 516 cur
472 471 525 514 fin
553 469 755 514 Aeneide
784 469 933 535 multo
953 470 1099 528 imagis
1125 470 1272 514 valeat
1307 470 1382 516 isse
1411 483 1506 518 mos
1532 471 1730 529 dicendi,
1765 479 1897 530 quam
1930 475 1978 519 in
2006 474 2239 536 Georgicis
2269 476 2559 528 Bucolicisve.

481 538 640 582 Restat
668 542 719 581 ut
752 536 885 581 verbo
910 536 967 581 iis
996 537 1229 594 obsistam,
1265 539 1345 595 qui
1374 540 1584 596 quoniam
1620 540 1676 584 ad
1705 540 1839 599 paura
1867 542 2001 586 verba
2026 544 2169 588 variae
2193 545 2448 604 ‘explicandi
2475 564 2558 607 por-

367 612 549 652 testates
585 604 712 649 datae
749 610 875 660 sunt,
907 605 1129 651 nonnullis
1159 606 1350 653 fortasse
1385 608 1494 654 locis
1522 608 1846 668 impugnabunt
1869 620 1969 654 ⁴eam
2004 619 2140 668 'quam
2170 615 2309 658 'statui
2338 616 2557 674 significa-

364 676 545 719 tionem.
598 671 759 717 ‘Sciant
784 687 890 717 vero
920 673 985 718 ini
1014 674 1182 731 ubique
1210 683 1280 719 me
1306 675 1356 719 in
1385 674 1532 720 verbis
1563 676 1623 720 'ad
1652 684 1796 723 certos
1825 677 2003 723 ordines
2031 679 2282 738 digerendis
2311 683 2556 743 analogiam

365 747 569 787 secutum
598 753 716 795 esse,
752 740 894 797 unde,
929 742 969 786 si
999 742 1112 798 quid
1142 742 1290 797 video,
1326 740 1624 800 hujuscemodi
1659 744 1702 787 in
1740 745 1875 789 rebus
1911 746 2039 790 unica
2067 763 2221 792 norma
2254 749 2447 806 petenda
2468 759 2555 798 est.

365 810 464 853 Nec
497 815 648 852 'tamen
685 809 722 852 is
752 822 870 864 sum,
906 809 984 865 qui
1013 809 1071 852 de
1098 818 1371 866 unoquoque
1402 810 1502 854 'loco
1531 811 1772 855 rectissime
1800 812 2022 869 judicasse
2050 815 2157 859 mihi
2185 815 2360 874 videar,
2396 833 2480 862 nec
2517 820 2554 863 si

365 877 422 921 de
448 876 675 920 nonnullis
703 876 778 918 alii
804 876 851 918 in
880 876 986 920 alias
1021 883 1169 933 partes
1194 876 1477 922 >discesserint
1505 891 1636 936 aegre
1664 878 1711 922 id
1741 880 1900 934 feram,
1937 895 2075 943 quum
2111 883 2168 927 ad
2198 897 2349 928 verum
2376 887 2554 943 penitus

365 943 711 1003 intellegendum
752 956 834 1000 pro
864 950 990 1000 parte
1023 943 1141 986 virili
1170 944 1324 987 fecisse
1354 945 1460 988 satis
1492 945 1686 989 habeam.
1744 948 1813 989 Ac
1850 948 1887 990 si
1917 961 2053 1004 supra
2084 952 2241 1008 negavi
2271 966 2397 996 usum
2427 952 2554 999 illum

361 1012 534 1056 numeri
566 1010 749 1069 piuralis
787 1017 929 1053 metro
966 1012 1036 1054 vel
1072 1012 1317 1070 euphoniae
1350 1013 1667 1062 remittendum
1696 1028 1811 1070 esse,
1848 1022 1995 1058 tamen
2030 1016 2077 1059 id
2108 1032 2196 1062 non
2230 1019 2294 1063 ita
2323 1027 2552 1079 acceptum

362 1081 510 1135 velim,
539 1078 667 1137 qnasi
688 1078 880 1122 diffitear
901 1080 1133 1136 aliquoties
1162 1087 1206 1124 et
1231 1079 1301 1123 his
1329 1080 1458 1124 rebus
1480 1089 1742 1125 commotum
1763 1097 1858 1127 esse
1886 1084 2145 1141 scriptorem
2174 1093 2225 1130 ut
2243 1087 2358 1132 hanc
2376 1080 2551 1134 illamve

361 1149 547 1191 formam
576 1153 831 1203 usurparet3
867 1147 1001 1190 immo
1032 1163 1113 1190 cur
1141 1148 1403 1204 plerumque
1432 1163 1458 1191 a
1488 1149 1701 1206 genetivis
1737 1150 1903 1206 primae
1933 1152 2149 1195 secundae
2173 1156 2326 1197 tertiae
2357 1156 2549 1200 declina-

360 1216 519 1269 tionis,
553 1230 579 1259 a
607 1213 769 1260 dativis
807 1221 854 1258 et
882 1214 1086 1259 ablativis
1115 1215 1271 1259 tertiae
1307 1215 1563 1271 abhorreat,
1602 1216 1723 1260 nulla
1753 1217 1849 1261 fere
1887 1217 1972 1262 alia
2000 1218 2177 1263 videtur
2206 1229 2377 1266 exstare
2407 1238 2549 1270 causa.

362 1285 428 1330 At
455 1298 558 1329 vero
587 1296 815 1339 nunquam
843 1283 1095 1341 usurpavit,
1133 1283 1215 1329 nisi
1245 1297 1324 1341 per
1359 1299 1506 1329 veram
1537 1283 1737 1330 vocabuli
1772 1284 1959 1331 indolem
1988 1285 2034 1331 id
2063 1286 2202 1333 licuit.
2260 1287 2352 1334 Sed
2373 1292 2463 1349 jam
2493 1291 2549 1337 ad

359 1367 471 1411 opus
500 1352 800 1409 adcingamur.

1401 1490 1442 1545 §-
1476 1491 1512 1530 1.

479 1615 516 1654 1.
546 1610 686 1653 Haud
714 1610 774 1652 ita
806 1610 943 1652 multa
972 1617 1089 1664 sunt,
1119 1625 1232 1664 quae
1263 1610 1318 1652 ad
1340 1611 1625 1665 quantitatem
1656 1612 1846 1654 notionis
1867 1611 2116 1667 augendam
2145 1614 2378 1667 pertinent,
2409 1630 2548 1670 neque

360 1680 449 1723 huc
478 1676 691 1721 trahenda
728 1691 821 1720 esse
857 1676 1067 1733 putabam
1101 1677 1182 1720 nisi
1216 1693 1266 1721 ea
1302 1678 1347 1720 in
1385 1677 1546 1733 quibus
1584 1677 1691 1720 haec
1728 1677 1988 1735 significatio
2026 1678 2264 1723 clarissime
2300 1687 2546 1738 appareret,

360 1749 488 1804 cujus
506 1747 570 1789 rei
594 1759 771 1788 causam
792 1745 919 1787 initio
936 1745 1205 1802 paragraphi
1228 1745 1445 1788 secundae
1471 1746 1613 1788 attuli.
1659 1743 1771 1788 Sunt
1787 1752 1931 1789 autem
1955 1747 2142 1802 primum
2159 1763 2261 1790 ora.
2297 1750 2352 1791 A.
2369 1748 2426 1801 V,
2443 1749 2545 1792 369:

357 1814 486 1871 „Nec
515 1828 655 1856 mora:
696 1812 906 1855 continuo
937 1813 1071 1856 vastis
1105 1827 1206 1855 cum
1239 1813 1405 1857 viribus
1436 1813 1563 1856 effert
1591 1812 1683 1855 Ora
1714 1813 1856 1856 Dares
1892 1829 2140 1871 magnoque
2178 1816 2319 1859 virum
2351 1831 2397 1860 se
2427 1832 2546 1860 mur·-

355 1896 480 1925 mure
515 1880 677 1923 tollit.“
734 1881 838 1925 477:
875 1879 1035 1935 „Dixit
1067 1885 1111 1922 et
1147 1879 1318 1925 adversi
1356 1888 1509 1924 contra
1544 1881 1668 1923 stetit
1711 1895 1790 1923 ora
1818 1882 1993 1937 juvenci
2022 1908 2077 1914 -
2105 1882 2328 1938 durosque
2363 1882 2545 1927 reducta

356 1948 563 1992 Izibravit
585 1947 742 1990 dextra
771 1947 916 1989 media
945 1947 1060 1989 inter
1086 1962 1251 1989 cornua
1278 1952 1499 2002 caestus,“
1535 1962 1721 2003 quorum
1753 1950 1929 2005 utrique
1964 1949 2062 1991 loco
2089 1951 2290 1993 convenit
2317 1950 2438 1992 notio
2467 1951 2544 1993 lati

356 2016 637 2075 ingentisque
676 2015 778 2058 oris.
838 2014 909 2058 De
940 2015 1093 2058 eodem
1131 2021 1280 2069 tauro,
1319 2016 1396 2070 qui
1425 2016 1665 2072 praemium
1694 2016 1917 2073 pugilibus
1948 2018 2201 2073 propositus
2231 2024 2342 2072 erat,
2380 2017 2544 2060 dicitur

357 2084 461 2128 385:
491 2083 696 2137 „Ducere
726 2082 865 2126 dona
887 2082 1025 2140 jube“
1067 2090 1112 2126 et
1140 2083 1245 2126 391:
1276 2082 1504 2137 „Tantane
1536 2090 1626 2126 tam
1656 2084 1828 2139 patiens
1866 2084 1986 2126 nullo
2022 2085 2257 2127 certamine
2287 2084 2383 2126 tolli
2413 2084 2544 2128 Dona

355 2150 529 2198 sines?“
589 2149 796 2196 Ceterum
832 2149 878 2195 id
914 2166 1116 2207 quoque,
1152 2149 1273 2207 quod
1303 2150 1467 2209 legitur
1493 2151 1547 2195 A.
1568 2150 1630 2205 X,
1659 2153 1763 2196 415:
1792 2168 1928 2207 „saxo
1965 2152 2068 2196 ferit
2107 2169 2184 2196 ora
2219 2151 2465 2196 Thoantis“
2495 2152 2541 2196 in

352 2221 468 2266 hanc
497 2220 710 2265 rationem
738 2219 894 2266 cadere
922 2218 1114 2276 videtur,
1143 2233 1407 2277 quamquam
1437 2219 1660 2265 fatendum
1690 2226 1769 2276 est,
1799 2219 2020 2264 interdum
2050 2236 2134 2266 non
2165 2235 2293 2279 posse
2324 2226 2446 2264 certo
2474 2220 2542 2265 in-

352 2289 521 2347 tellegi,
550 2288 659 2344 quid
689 2289 958 2345 spectaverit
987 2289 1198 2344 scriptor,
1235 2292 1469 2345 propterea
1497 2288 1616 2344 quod
1639 2303 1717 2332 ora
1748 2288 1864 2332 haud
1902 2303 2000 2332 raro
2031 2289 2161 2333 etiam
2183 2288 2329 2332 vultus
2362 2289 2451 2332 oris
2482 2288 2540 2334 si-

355 2358 587 2415 gnificant,
618 2367 751 2412 atque
782 2357 1012 2412 aliquoties
1041 2357 1199 2400 talibus
1235 2370 1413 2412 quoque
1442 2356 1549 2400 locis
1579 2367 1848 2413 usurpantur
1876 2357 1951 2400 ubi
1981 2358 2099 2413 ipsos
2128 2357 2275 2399 vultus
2305 2357 2418 2399 clare
2449 2356 2540 2400 dis-

351 2425 496 2481 tingui
527 2438 685 2480 parum
723 2425 917 2467 interest.
974 2424 1065 2467 Sed
1101 2425 1157 2467 de
1185 2425 1269 2465 hoc
1304 2437 1386 2466 usu
1419 2424 1655 2479 multisque
1691 2425 1787 2467 aliis
1818 2425 2161 2480 proprietatibus
2198 2424 2399 2466 vocabuli
2428 2425 2539 2466 infra

352 2492 613 2535 videbimus.
632 2517 688 2524 —
705 2491 963 2548 Sequuntur
991 2499 1153 2550 terga.
1199 2494 1252 2533 A.
1272 2491 1354 2545 VI,
1371 2492 1476 2534 422:
1508 2492 1611 2546 „ille
1632 2491 1895 2548 (Cerberus)
1925 2494 2038 2534 fame
2069 2492 2221 2535 rabida
2248 2492 2333 2534 tria
2361 2499 2538 2549 guttura

350 2560 544 2617 pandens
570 2558 767 2615 Corripit
797 2560 1013 2616 objectam
1044 2572 1178 2615 atque
1207 2559 1414 2600 immania
1439 2566 1565 2615 terga
1595 2559 1822 2601 resolvit.“
1868 2559 2116 2613 Catull.63‚
2134 2560 2210 2601 81:
2242 2561 2373 2615 „Age
2404 2560 2537 2601 caede

351 2633 477 2685 terga
506 2626 663 2681 cauda,
694 2634 772 2668 tua
802 2627 986 2670 verbera
1015 2630 1198 2683 patere“
1219 2625 1294 2682 (de
1310 2625 1469 2683 leone).
1514 2626 1656 2668 Aliter
1685 2626 1959 2669 statuendum
1990 2626 2075 2668 erit
2104 2626 2160 2668 de
2192 2626 2327 2683 tergis
2358 2640 2538 2682 serpen-

350 2695 430 2749 tis,
467 2694 538 2737 vel
578 2694 633 2737 iis
663 2709 777 2750 quae
807 2695 1066 2738 vestimento
1102 2693 1363 2749 inserviunt,
1402 2692 1458 2736 de
1496 2693 1659 2750 quibus
1694 2694 1779 2737 alio
1813 2694 1911 2737 loco
1945 2701 2112 2752 agetur.
2143 2720 2195 2727 —
2226 2693 2340 2736 Dein
2382 2692 2535 2736 colla.

350 2763 408 2805 A.
425 2762 487 2818 H,
508 2762 610 2805 721:
639 2762 794 2816 „Haec
824 2763 937 2806 fatus
967 2762 1079 2806 latos
1108 2761 1314 2805 humeros
1345 2760 1630 2819 subjectaque
1661 2762 1774 2805 oolla
1796 2761 2276 2806 Veste—insternor.“
2326 2760 2410 2815 XI,
2430 2760 2534 2804 692:

347 2831 523 2885 „Buten
555 2844 752 2874 aversum
782 2829 964 2887 cuspide
993 2830 1090 2873 fixit
1119 2829 1325 2872 Loricam
1356 2829 1613 2887 galeamque
1638 2830 1771 2885 inter,
1810 2845 1899 2886 qua
1928 2829 2041 2872 colla
2069 2829 2261 2872 sedentis
2291 2828 2463 2872 Lucent
2492 2835 2536 2873 et

345 2899 469 2942 laevo
490 2898 712 2956 dependet
731 2914 886 2956 parma
904 2898 1113 2942 lacerto.“
1158 2897 1375 2955 Intellege
1396 2899 1585 2943 cervices
1605 2900 1823 2956 ingentes3
1853 2914 2035 2956 namque
2055 2897 2139 2941 fuit
2167 2905 2211 2942 et
2230 2898 2371 2941 Butae
2400 2898 2535 2941 maxi-

346 2982 468 3010 mum
499 2981 658 3023 corpus
689 2968 764 3024 (cf.
787 2969 914 3025 690),
952 2982 1097 3023 neque
1126 2967 1234 3010 bene
1273 2966 1362 3010 dici
1392 2973 1540 3022 potest
1577 2968 1724 3010 lucere
1761 2968 1846 3011 nisi
1883 2968 2013 3022 latas,
2049 2968 2235 3011 fortasse
2274 2974 2318 3010 et
2347 2966 2533 3023 pingues

347 3035 553 3079 cervices.
614 3035 748 3080 Ovid.
773 3036 882 3080 M'et.
907 3035 972 3091 H,
995 3036 1100 3079 854:
1129 3034 1290 3091 „Colla
1314 3035 1425 3079 toris
1455 3038 1675 3087 exstant;“
1704 3035 1836 3090 XIV,
1859 3036 1961 3078 283:
1993 3033 2151 3091 „Colla
2180 3043 2346 3079 tumere
2376 3033 2532 3078 toris.“
