2952 3777
1296 239 1642 327 -23-

371 396 454 449 tibi
473 395 694 453 videatur,
708 395 908 440 conferas
924 394 1011 452 IV,
1031 396 1134 442 285:
1165 396 1352 455 „Atque
1377 396 1573 452 animum
1590 410 1711 444 nuno
1727 395 1815 442 huo
1835 395 2024 442 celerem
2043 409 2162 441 nunc
2181 394 2389 440 dividit
2405 393 2561 449 inuost

374 478 487 523 quas
515 464 634 515 redit
662 463 882 513 sententia
899 460 1031 518 VIII,
1050 462 1120 506 20.
1175 461 1354 509 Etenim
1382 463 1423 511 ai
1449 462 1572 524 loges
1602 463 1829 527 cogitandi
1855 468 2058 509 murato
2087 462 2216 519 sequi
2242 461 2388 506 voluit
2413 467 2562 524 postu,

374 532 613 577 dicendum
641 531 683 574 ei
709 531 796 574 fuit
823 537 922 575 ant·
948 531 1148 576 animum
1175 545 1294 577 nunc
1320 531 1414 580 huo
1438 546 1559 576 nunc
1584 532 1690 583 illuc
1717 537 1891 585 versat,
1926 537 2022 576 aut·
2059 531 2251 577 animum
2286 531 2333 576 in
2362 529 2561 577 diversas

372 606 524 657 partes
552 597 741 644 dividit.
765 596 832 644 Ut
859 588 978 643 nunc
1005 598 1216 656 leguntur
1242 597 1393 653 verba,
1421 597 1538 648 duae
1566 598 1760 645 rationes
1786 599 1834 645 in
1862 614 1996 644 unam
2024 604 2204 645 coactae
2234 607 2352 652 sunt,
2372 596 2562 645 vividior

373 666 716 723 comotiorque
751 665 893 709 oratio
931 672 982 708 ιιι
1015 664 1241 720 reddatur.
1298 664 1402 710 Huc
1430 664 1681 715 trahendus
1707 672 1776 720 ssi:
1802 667 1934 710 etiam
1961 667 2085 709 locus
2114 664 2201 710 Ov.
2229 665 2338 711 Met.
2358 664 2559 718 &1252

374 732 539 789 „Nunc
568 746 705 791 eques
730 731 778 777 in
807 737 933 790 tergo
964 731 1162 777 residens
1188 731 1279 777 huc
1306 730 1452 777 laetus
1475 738 1526 778 et
1552 724 1659 780 ill-o
1687 728 1850 777 Mollia
1878 733 2116 792 purpureis
2147 731 2350 777 frenabas
2380 748 2459 776 ora
2488 746 2561 777 ca-

372 800 539 859 pistris.
541 804 570 829 “
632 799 797 844 Tamen
835 798 1078 845 cavendum
1107 806 1193 855 est,
1229 815 1285 844 ne
1321 797 1427 845 inde
1456 799 1703 851 subsidium
1737 805 1936 858 petamus
1974 799 2072 844 loco
2106 798 2362 857 Vergiliano
2388 799 2466 856 qui
2491 808 2560 846 est

373 866 432 912 G.
450 867 536 929 ΠΙ,
552 868 654 913 188:
683 866 848 924 „inque
876 867 1017 914 vicem
1037 867 1114 913 det
1131 866 1335 916 mollibus
1365 882 1445 913 ora
1464 867 1714 928 capistris‚“
1743 866 1823 914 n'bi
1850 873 1967 912 certe
1994 866 2054 911 ad
2075 868 2298 912 notionem
2326 866 2556 925 pluralem,

374 950 489 993 quae
517 935 625 981 latet
652 936 698 979 in
729 934 951 980 enuntiato
980 935 1027 980 in
1056 935 1211 992 vicem,
1242 949 1289 981 se
1310 934 1443 980 vertit
1470 950 1691 982 uumerus.
1734 934 1881 981 Porro
1900 935 1958 980 A.
1980 934 2095 992 XII,
2122 935 2224 980 658:
2255 940 2456 991 „mussat
2483 949 2560 981 rex

371 1004 472 1061 ipse
500 1004 689 1048 Latinus
719 1002 847 1059 Quos
876 1018 1102 1061 generos
1132 1010 1262 1048 vocet
1290 1009 1369 1048 ant
1397 1018 1509 1061 quae
1538 1018 1632 1049 sese
1660 1003 1718 1049 ad
1748 1004 1929 1051 foedera
1958 1003 2138 1049 flectat“
2166 1004 2335 1063 positus
2365 1009 2434 1048 est
2460 1002 2561 1061 plu-

372 1072 477 1115 ralis
514 1077 696 1128 propter
723 1072 943 1115 notionem
982 1071 1230 1127 dubitandi,
1270 1086 1383 1128 quae
1417 1072 1532 1115 inest
1559 1072 1605 1115 in
1644 1078 1810 1118 mussat
1844 1072 2069 1117 vocabulo.
2127 1072 2275 1132 Atque
2313 1070 2433 1128 quod
2469 1069 2559 1117 dici

372 1140 506 1194 solet,
541 1153 724 1181 numero
759 1139 923 1195 plurali
957 1138 1175 1182 interdum
1213 1140 1529 1196 generaliorem
1557 1139 1683 1183 reddi
1716 1141 1940 1185 notionem
1970 1140 2186 1196 aliquam,
2222 1140 2271 1182 id
2306 1154 2359 1182 ex
2395 1152 2558 1194 magna

371 1212 496 1263 parte
532 1205 588 1249 ad
625 1205 810 1249 eandem
839 1205 1053 1249 rationem
1079 1206 1354 1254 referendum
1384 1213 1472 1261 est,
1502 1207 1540 1251 si
1569 1206 1700 1252 modo
1726 1207 1777 1251 id
1805 1209 1977 1265 agitur,
2006 1212 2057 1251 ut
2085 1222 2141 1250 ex
2170 1205 2340 1249 infinita
2367 1205 2557 1261 quadam

371 1272 580 1315 similium
609 1287 754 1315 rernm
791 1272 1073 1315 multitudine
1110 1287 1198 1315 una
1235 1274 1444 1331 eligatur,
1479 1273 1558 1317 sed
1595 1279 1674 1316 aut
1708 1273 1805 1330 ipse
1843 1273 2021 1319 dubitat
2057 1273 2267 1329 scriptor,
2303 1272 2373 1316 vel
2410 1272 2448 1315 is
2479 1272 2558 1327 qui

372 1339 493 1394 dicit,
525 1354 638 1396 quae
666 1339 872 1397 eligenda
897 1340 972 1394 sit,
1001 1346 1079 1383 aut
1107 1355 1196 1383 non
1226 1341 1324 1384 vult
1352 1347 1476 1384 certo
1494 1340 1686 1385 indicare
1702 1347 1839 1399 <atque
1867 1341 2035 1399 legenti
2054 1341 2123 1384 vel
2143 1339 2339 1384 audienti
2359 1339 2558 1397 relegare

370 1407 416 1450 id
451 1421 620 1451 munus.
693 1407 800 1462 VII,
821 1408 895 1451 98:
932 1407 1148 1464 „Externi
1184 1409 1361 1453 venient
1394 1409 1579 1467 generi“
1623 1410 1653 1452 i.
1682 1423 1721 1453 e.
1758 1423 1872 1454 unus
1907 1409 2065 1467 aliquis
2104 1422 2157 1453 ex
2193 1407 2365 1452 infinita
2406 1406 2557 1449 multi-

371 1475 522 1519 tudine
550 1490 814 1533 generorum
841 1476 920 1531 qui
948 1476 1098 1519 venire
1127 1483 1323 1534 possunt.
1372 1478 1475 1522 270:
1504 1492 1724 1536 „generos
1753 1478 1946 1522 externis
1976 1476 2132 1521 adfore
2161 1476 2219 1519 ab
2248 1476 2382 1520 oris.“
2419 1474 2554 1530 VIII,

372 1543 476 1587 5032
505 1542 757 1598 „Externos
786 1550 935 1600 optate
965 1543 1175 1589 duces.“
1224 1545 1286 1599 X,
1314 1546 1419 1590 419:
1449 1543 1547 1601 „Ut
1575 1545 1723 1590 senior
1750 1545 1840 1589 leto
1868 1546 2068 1589 canentia
2095 1545 2260 1589 lumina
2296 1543 2449 1597 solvit,
2478 1541 2554 1586 In·

367 1612 514 1666 jecere
532 1623 709 1652 manum
739 1611 903 1654 Parcae
931 1611 1156 1666 telisque
1181 1618 1409 1656 sacrarunt
1428 1611 1667 1656 Euandri.“
1724 1612 1829 1657 Non
1859 1612 2101 1656 dubitarem
2127 1612 2214 1654 tela
2242 1610 2394 1654 eodem
2423 1608 2553 1653 modo

372 1675 593 1733 explicare
614 1691 667 1720 ac
694 1679 948 1734 ceteroquin
978 1679 1236 1735 explicanda
1255 1686 1370 1735 sunt,
1400 1680 1438 1724 si
1467 1680 1716 1736 scripsisset
1732 1686 1861 1737 poeta
1879 1695 1989 1723 non:
2021 1679 2232 1734 Euandri,
2250 1678 2352 1724 sed:
2382 1677 2554 1721 Pallan-

370 1744 440 1789 tis.
490 1744 589 1789 Nec
619 1759 724 1789 vero
753 1745 870 1790 idem
901 1756 970 1790 est
997 1746 1134 1791 telum
1155 1747 1354 1792 Euandri
1374 1761 1426 1792 ac
1444 1746 1581 1792 telum
1601 1747 1874 1794 Euandrium
1894 1748 1969 1805 (cf.
1985 1748 2086 1794 394:
2116 1746 2376 1792 Euandrius
2404 1745 2553 1803 ensis).

372 1811 507 1866 Quod
536 1812 574 1855 si
598 1813 801 1870 Heynius
830 1814 1029 1857 adnotat:
1059 1816 1147 1858 tela
1174 1815 1393 1860 Euandri:
1422 1815 1634 1860 Pallantis
1663 1815 1811 1870 hasta,
1841 1816 1943 1872 quia
1972 1831 1998 1859 a
2028 1822 2152 1872 patre
2182 1821 2408 1875 acqeptam
2436 1819 2554 1857 attu-

370 1879 495 1935 lerat,
525 1880 635 1922 nihil
663 1880 782 1924 dicit.
842 1881 958 1924 Nam
989 1892 1096 1925 tunc
1123 1883 1268 1940 ipsum
1295 1889 1415 1927 certe
1442 1883 1568 1927 hasta
1587 1885 1682 1927 erat
1701 1882 1907 1939 Pallanti,
1936 1898 2025 1928 non
2046 1883 2272 1938 Euandro,
2301 1895 2444 1938 neque
2463 1880 2554 1923 ullo

370 1948 504 1990 modo
534 1948 597 1990 ita
623 1948 914 2006 intellegitur,
945 1950 1053 2006 quid
1095 1951 1179 1993 hoc
1209 1951 1305 1994 loco
1334 1951 1420 1994 sibi
1457 1952 1565 1994 velit
1598 1951 1800 1995 Euandri
1833 1952 2205 1994 commemoratio.
2264 1948 2356 1993 Sed
2384 1949 2556 1992 tollitur

371 2016 512 2058 omnis
543 2016 797 2071 difficultas,
835 2017 873 2059 si
907 2018 1174 2074 explicamus
1208 2019 1425 2076 pluralem
1460 2034 1514 2061 ex
1548 2034 1599 2080 ea
1629 2020 1801 2063 ratione
1837 2034 1967 2076 quam
2005 2018 2135 2062 modo
2165 2018 2372 2075 exposui,
2406 2017 2470 2058 ita
2502 2023 2556 2058 ut

369 2083 509 2126 subsit
539 2098 696 2127 sensus
727 2084 820 2126 hic:
858 2092 1087 2127 sacrarunt
1122 2101 1220 2127 eum
1259 2086 1347 2128 telo
1383 2086 1569 2143 aliqu'us
1605 2101 1659 2129 ex
1687 2101 1821 2130 manu
1856 2086 2070 2129 Euandri.
2127 2086 2351 2127 Infinitum
2389 2084 2474 2126 hoc
2509 2090 2555 2124 et

367 2150 584 2194 incertum
603 2150 873 2195 enuntiatum
894 2152 1168 2207 aptissimum
1189 2159 1256 2197 est
1280 2153 1371 2197 fato
1397 2153 1468 2197 vel
1495 2153 1672 2197 oraculo
1692 2151 1878 2198 midam.
1900 2179 1955 2188 -
1975 2153 2089 2196 Dein
2117 2151 2318 2196 consulto
2347 2151 2554 2194 reticetur

368 2232 523 2261 nomen
554 2218 662 2261 certi
692 2219 938 2275 cujusdam:
968 2219 1049 2273 IV,
1079 2221 1186 2263 535:
1217 2235 1457 2276 „rursusne
1484 2235 1644 2278 procos
1671 2220 1810 2265 inrisa
1836 2220 2004 2278 priores
2032 2219 2251 2277 Experiar
2278 2217 2552 2263 Nomadum-

368 2299 454 2340 que
491 2291 638 2340 petam
667 2285 934 2328 connubia
975 2286 1222 2342 supplex?“
1275 2287 1382 2341 VII,
1409 2288 1515 2329 359:
1558 2287 1932 2341 „Exulibusne
1971 2287 2105 2330 datur
2135 2286 2338 2330 ducenda
2366 2285 2553 2328 Lavinia

369 2352 585 2396 Teucris
596 2353 644 2395 ?“
674 2352 786 2406 XII,
803 2354 903 2395 799:
928 2353 1147 2409 „(decuit)
1172 2368 1387 2398 ensem—
1402 2354 1620 2410 Ereptum
1639 2353 1768 2397 reddi
1781 2353 1933 2397 Turno
1950 2360 1994 2397 et
2013 2356 2102 2397 vim
2118 2368 2315 2399 crescere
2334 2352 2553 2396 νὶοιίεὲιι

368 2420 528 2477 quibus
558 2420 603 2462 in
633 2420 740 2463 locis
770 2421 937 2463 numeri
967 2426 1265 2477 contemptum
1295 2421 1514 2477 quendam
1540 2420 1760 2475 redolent,
1790 2435 1926 2477 quum
1947 2422 1986 2465 is
2006 2423 2085 2477 qui
2105 2422 2305 2477 loquitur
2323 2434 2551 2476 personam

368 2486 425 2530 de
456 2502 543 2543 qua
572 2487 716 2546 agitur
745 2486 869 2544 quasi
897 2486 1126 2546 indignam
1156 2487 1329 2544 habeat,
1359 2503 1468 2546 quae
1496 2488 1595 2546 ipsa
1621 2502 1677 2533 ac
1705 2487 1801 2533 sola
1828 2488 2142 2533 consideretur.
2187 2486 2279 2532 Sed
2309 2494 2456 2545 potest
2483 2487 2552 2530 in-

368 2569 463 2598 esse
493 2555 622 2598 etiam
653 2554 791 2597 honor
819 2554 1014 2612 quidam,
1044 2556 1081 2599 si
1111 2556 1297 2599 sumitur
1325 2570 1553 2614 personam
1582 2555 1637 2599 de
1667 2570 1758 2615 qna
1784 2566 1943 2616 agatur
1970 2563 2060 2600 tam
2083 2563 2232 2600 notam
2262 2563 2307 2599 et
2335 2555 2551 2613 insignem

367 2637 477 2677 esse,
505 2629 556 2665 ut
585 2616 803 2666 distinctis
823 2623 968 2666 verbis
987 2624 1200 2666 nominari
1219 2639 1308 2667 non
1330 2624 1502 2680 debeat,
1532 2623 1650 2681 quod
1669 2624 1788 2669 cadit
1805 2625 1854 2668 in
1873 2625 1995 2668 locos
2015 2625 2148 2679 VIII,
2171 2626 2275 2668 379:
2306 2622 2551 2680 „Quamvis

366 2697 411 2735 et
440 2690 605 2735 Priami
633 2691 836 2735 deberem
867 2691 1054 2747 plurima
1082 2692 1284 2746 natis‚“
1314 2692 1391 2740 ubi
1420 2708 1535 2737 unus
1565 2693 1692 2737 Paris
1720 2693 2010 2750 intellegitur,
2042 2700 2087 2735 et
2114 2693 2211 2735 Ecl.
2231 2692 2318 2745 111,
2335 2694 2382 2733 7:
2411 2691 2551 2746 „Par-

368 2759 462 2803 cius
491 2759 576 2805 ista
604 2760 736 2804 viris
765 2767 908 2804 tamen
940 2758 1170 2803 obicienda
1198 2763 1460 2804 memento.“
1478 2787 1537 2796 —
1554 2760 1659 2805 Jam
1686 2777 1790 2805 vero
1818 2767 1960 2805 exstat
1989 2759 2169 2816 quidem
2199 2759 2387 2803 alterum
2418 2759 2550 2816 hujus

365 2826 546 2871 rationis
574 2841 726 2885 genus,
756 2834 887 2884 atque
915 2826 962 2871 id
993 2826 1114 2883 quod
1144 2842 1198 2871 ex
1229 2827 1450 2872 contraria
1477 2843 1659 2885 prorsus
1680 2843 1824 2873 rerum
1846 2827 2214 2884 contemplatione
2243 2832 2462 2882 nascatur,
2487 2827 2550 2870 ita

366 2899 417 2936 ut
453 2908 637 2950 persona
665 2896 711 2938 in
754 2910 915 2952 genus,
953 2897 1077 2951 cujus
1114 2901 1202 2949 est,
1245 2895 1368 2950 quasi
1396 2895 1721 2951 retrodueatur,
1760 2896 1867 2951 quia
1905 2895 1963 2938 ad
2006 2901 2169 2938 certam
2206 2894 2424 2950 quandam
2454 2910 2547 2938 rem

366 2975 455 3005 non
477 2961 594 3005 valet
621 2963 705 3006 nisi
729 2962 847 3018 quod
869 2963 915 3005 in
938 2963 1161 3007 notionem
1183 2962 1496 3021 generaliorem
1519 2962 1650 3018 cadit,
1678 2977 1811 3020 quam
1831 2962 2026 3020 intellegi
2050 2976 2100 3005 eo
2121 2962 2216 3018 ipso
2237 2962 2334 3005 loco
2354 2961 2550 3007 interest.
