2952 3777
373 1282 637 1374 Vergilium
666 1316 723 1359 de
750 1314 987 1359 excolenda
1016 1322 1061 1357 et
1086 1315 1395 1371 locupletanda
1424 1315 1668 1358 elocutione
1688 1314 1846 1358 Latina
1876 1316 2049 1373 egregie
2079 1316 2288 1360 meruisse
2318 1332 2454 1372 quum
2485 1318 2554 1360 in-

368 1390 437 1428 ter
467 1399 617 1428 omnes
648 1384 845 1427 homines
877 1383 1030 1427 doctos
1054 1385 1146 1439 jam
1175 1383 1344 1426 dudum
1376 1389 1565 1438 constet,
1600 1389 1747 1426 tamen
1776 1384 1814 1427 si
1843 1398 2052 1438 quaeres,
2088 1386 2166 1438 qui
2198 1385 2472 1439 potissimum
2503 1386 2551 1427 in

368 1451 671 1509 pernoscenda
689 1451 771 1494 hac
799 1457 890 1493 tam
918 1451 1044 1507 gravi
1073 1465 1120 1493 re
1150 1456 1283 1505 atque
1312 1450 1568 1506 explicanda
1594 1449 1737 1494 studia
1766 1465 1845 1493 sua
1875 1450 2189 1494 collocaverint
2218 1457 2393 1507 praeter
2413 1467 2549 1494 unum

367 1519 643 1578 Wagnerum
663 1519 857 1563 invenies
887 1519 975 1562 fere
1005 1519 1234 1562 neminem.
1285 1517 1444 1575 Neque
1474 1533 1587 1575 quae
1608 1517 1864 1576 Wagnerus
1895 1519 2082 1575 profecit
2103 1519 2431 1574 quaestionibus
2461 1520 2548 1565 illis

368 1586 628 1644 Virgilianis
664 1602 830 1631 summa
866 1601 967 1630 cum
1003 1586 1232 1644 diligentia
1269 1586 1512 1642 eximioque
1549 1587 1704 1630 mentis
1740 1587 1940 1630 acumine
1969 1587 2248 1644 conscriptis,
2285 1587 2391 1630 talia
2432 1594 2551 1642 sunt,

368 1662 417 1700 ut
439 1658 531 1714 jam
563 1670 632 1700 res
662 1670 715 1698 ex
743 1655 860 1698 omni
888 1661 1009 1712 parte
1040 1654 1243 1698 videatur
1272 1653 1329 1697 ad
1358 1654 1488 1697 finem
1518 1654 1733 1711 perducta
1762 1661 1892 1711 atque
1921 1655 2137 1709 absoluta3
2168 1656 2300 1697 immo
2331 1655 2492 1698 multa
2500 1670 2549 1698 se

367 1724 465 1765 aliis
485 1723 713 1779 reliquisse
743 1730 818 1764 aut
839 1723 1081 1765 accuratius
1110 1721 1370 1777 expolienda
1399 1728 1475 1763 aut
1499 1722 1722 1777 copiosius
1751 1722 2061 1777 pertractanda
2090 1738 2226 1777 quum
2247 1737 2301 1763 ne
2331 1723 2426 1777 ipse
2447 1723 2550 1777 qui-

368 1791 468 1834 dem
499 1791 723 1848 negaverit
759 1791 825 1832 vir
854 1790 1149 1843 doctissimus,
1186 1795 1302 1831 tum
1309 1804 1394 1831 non
1431 1794 1520 1831 tam
1556 1788 1602 1831 id
1632 1789 1775 1847 egisse
1810 1805 1909 1832 eum
1936 1796 1986 1831 ut
2022 1795 2159 1832 totam
2189 1790 2317 1845 quasi
2345 1789 2550 1846 syntaxin

368 1858 668 1916 Vergilianam
688 1859 893 1901 continua
921 1858 1118 1901 oratione
1138 1863 1486 1914 persequeretur,
1514 1873 1646 1913 quam
1672 1864 1723 1901 ut
1750 1857 1937 1914 singulis
1957 1856 2222 1912 quibusdam
2250 1856 2550 1911 enucleandis,

367 1926 519 1984 quales
538 1932 639 1971 sunt
667 1926 859 1971 rationes
879 1925 1187 1983 pronominum
1214 1924 1529 1982 particularum
1557 1924 1723 1982 aliquot
1751 1931 1795 1969 et
1815 1924 2204 1982 praepositionum,
2234 1924 2419 1968 maxime
2446 1939 2553 1981 ope-

369 2011 463 2040 ram
483 2000 675 2050 navaret,
705 1994 918 2039 neminem
940 1993 1205 2052 praeteribit.
1253 1993 1417 2039 Nescio
1447 1993 1579 2052 igitur
1606 2009 1661 2038 an
1680 2008 1769 2038 non
1798 1993 1953 2037 inutile
1979 1993 2051 2048 sit,
2080 1993 2118 2037 si
2147 1993 2179 2036 ii
2208 1992 2284 2048 qui
2313 2006 2432 2036 nunc
2461 1999 2551 2037 tam

369 2064 539 2107 intenta
577 2076 628 2105 ac
656 2062 773 2106 felici
803 2077 939 2118 opera
976 2068 1052 2106 aut
1081 2063 1126 2105 in
1155 2067 1279 2105 textu
1314 2062 1393 2117 qui
1424 2061 1586 2105 dicitur
1616 2061 1869 2118 Vergiliano
1907 2061 1963 2103 ad
1993 2061 2221 2117 pristinam
2252 2060 2549 2104 conditionem

368 2129 666 2185 restituendo,
702 2136 780 2172 aut
807 2130 853 2172 in
879 2129 932 2173 iis
961 2144 1073 2185 quae
1103 2129 1349 2185 composuit
1375 2135 1507 2185 poeta
1539 2135 1664 2172 acute
1691 2127 1982 2185 dijudicandis
2011 2128 2083 2170 vel
2112 2127 2158 2169 in
2190 2127 2439 2170 universum
2471 2142 2549 2170 ex-

367 2198 581 2256 plicandis
617 2196 862 2251 elaborant,
899 2196 1031 2239 etiam
1067 2196 1113 2237 in
1150 2195 1441 2251 explanandas
1469 2196 1613 2252 leges,
1651 2210 1761 2251 quas
1789 2201 1965 2238 secutus
1996 2202 2085 2249 est,
2123 2194 2348 2237 scribendi
2377 2195 2546 2251 aliquid

368 2282 499 2311 curae
530 2265 771 2309 conferant.
828 2264 1004 2307 Interea
1032 2275 1175 2306 autem
1204 2263 1298 2320 ipse
1327 2262 1382 2305 de
1412 2277 1494 2306 usu
1523 2261 1712 2318 quodam
1741 2261 1916 2305 dicendi
1944 2263 2083 2306 fusius
2110 2262 2325 2305 disserere
2354 2263 2547 2306 animum

365 2335 532 2385 induxi..
563 2334 639 2390 qui
663 2335 755 2390 jam
783 2332 953 2389 pridem
983 2332 1288 2375 tractationem
1317 2330 1467 2388 paullo
1496 2330 1768 2374 subtiliorem
1798 2330 1976 2374 videtur
2005 2330 2288 2374 desiderasse.

480 2403 631 2458 Atque
662 2406 836 2458 spectat
855 2399 1036 2456 quidem
1067 2398 1264 2455 quaestio
1283 2397 1338 2442 ad
1365 2414 1461 2442 eam
1489 2399 1715 2453 rationem,
1746 2413 1801 2442 ex
1820 2413 1925 2454 qua,
1954 2409 2004 2441 ut
2032 2398 2205 2456 vulgari
2226 2397 2356 2441 modo
2387 2397 2547 2453 dicam,

366 2469 547 2526 pluralis
574 2483 777 2512 numerus
805 2472 1045 2524 usurpatur
1071 2481 1151 2523 pro
1182 2466 1406 2524 singulari.
1456 2465 1602 2521 Quum
1632 2465 1748 2510 enim
1777 2465 2082 2510 observassent
2109 2465 2398 2523 grammatici,
2429 2464 2548 2509 haud

367 2552 467 2581 raro
496 2541 650 2594 poetas
680 2535 745 2580 uti
773 2534 956 2592 plurali,
994 2534 1071 2578 ubi
1100 2533 1271 2578 indoles
1301 2539 1346 2578 et
1368 2534 1479 2578 ratio
1509 2534 1722 2578 enuntiati
1751 2534 1881 2578 unius
1912 2533 1974 2578 rei
2003 2533 2366 2591 significationem
2395 2539 2549 2590 postu-

368 2605 458 2648 lare
479 2604 716 2659 videretur,
745 2603 792 2646 id
822 2600 1183 2660 poeticae’nescio
1213 2602 1282 2646 cui
1302 2602 1504 2646 licentiae
1532 2601 1865 2646 condonandum
1885 2616 1982 2646 esse
2010 2602 2094 2644 rati
2114 2607 2376 2655 statuerunt,
2406 2601 2548 2645 solere

365 2673 467 2717 illos
502 2672 547 2716 in
583 2672 700 2716 hunc
737 2670 917 2715 modum
951 2684 1152 2715 numeros
1183 2675 1432 2727 permutare
1462 2671 1575 2715 inter
1593 2669 1653 2715 'se
1682 2675 1815 2728 prout
1850 2669 2054 2727 placeret.
2113 2667 2257 2723 Quam
2286 2669 2546 2712 sententiam

366 2756 456 2785 non
477 2741 720 2798 putaverim
751 2740 902 2784 decere
924 2755 1013 2795 eos,
1044 2740 1120 2795 qui
1139 2745 1339 2783 naturam
1369 2740 1444 2782 et'
1432 2739 1653 2797 ingenium
1681 2739 1817 2782 totius
1836 2738 2063 2796 cujusdam
2083 2738 2263 2795 linguae
2283 2750 2546 2794 cognoscere

360 2809 577 2865 studeant,
607 2809 654 2852 in
683 2823 834 2854 omnes
860 2815 1009 2867 partes
1037 2808 1202 2852 arboris
1231 2807 1368 2851 instar
1396 2807 1520 2865 large
1548 2807 1722 2852 effusae.
1780 2807 1987 2884 Namque
2025 2806 2126 2849 inde
2155 2820 2245 2848 non
2274 2804 2405 2847 modo
2436 2805 2547 2848 nihil

360 2877 569 2935 intellegi,
599 2876 676 2921 sed
704 2877 936 2933 praecludi
954 2891 1130 2933 prorsus
1150 2890 1320 2919 omnem
1348 2874 1624 2932 intellegendi
1650 2875 1778 2928 viam,
1809 2875 1909 2930 quis
1934 2881 2002 2917 est
2022 2875 2131 2930 quin
2152 2860 2327 2916 videat?
2378 2872 2545 2926 Quam-

358 2959 504 3002 quam,
535 2959 670 3000 quum
700 2943 853 2990 afferri
874 2943 1054 2988 deberet
1080 2944 1228 3001 aliqua
1256 2949 1376 2987 certe
1396 2957 1538 2998 causa,
1567 2942 1760 2996 fuerunt,
1789 2941 1867 2997 qni
1888 2940 2099 2997 dicerent,
2128 2940 2361 2984 indulsisse
2392 2940 2513 2983 hac'
2500 2956 2547 2983 m

2220 3021 2266 3056 1⁸
