2952 3777
1197 414 1203 419 ,
1245 419 1247 422 ¹
1346 346 1371 422 ,⁶
1400 348 1975 411 212me
1999 346 2203 410 maula·
2219 349 2433 406 napum·
2457 354 2609 409 put-

1134 460 1139 463 ,
1503 417 1649 466 etiam
1671 416 1786 464 iilud
1818 416 2150 477 Vergilianum·
2192 429 2376 474 carpere
2414 428 2608 474 somnos,

420 501 514 534 non
542 499 760 532 somnum.
817 482 972 540 Quum
996 466 1114 530 enim
1140 476 1537 552 vannus-pm
1551 483 1722 543 aliquid
1753 500 1838 542 par
1871 491 2020 543 partes
2055 482 2449 542 comprehendere,
2483 485 2607 529 notio

422 551 710 614 pluralitatis,
740 555 786 595 et
813 551 909 609 ejus
937 548 1164 609 quidem
1149 564 1197 596 ιιι
1224 563 1360 618 quw
1385 549 1630 607 tendimus,
1663 551 1786 597 clare
1813 556 2017 610 appu-en
2051 565 2135 596 nee
2161 556 2307 595 tamen
2334 563 2512 595 nomme
2539 557 2608 596 est

420 619 552 666 illud·
598 630 785 677 carpere
822 632 1001 665 somnos
1044 617 1476 686 accipiaturquan
1346 619 1613 679 quanquis
1646 625 1821 679 tempus
1857 618 2087 677 quoddam
2123 617 2380 664 ammineo
2421 624 2607 677 peragat

418 691 483 734 ita
517 693 571 733 ut
609 701 635 731 e
668 701 821 733 somno
863 701 1195 745 nonnumquam
1317 686 1465 733 ’.ιειιιι
1518 688 1575 732 Δ.
1599 686 1687 745 IV,
1704 690 1809 735 555.
1843 689 2076 745 „Aeneas
2074 713 2130 722 —
2164 684 2386 745 Carpebat
2428 701 2606 732 aomos

333 753 336 758 ’
420 756 555 802 rebus
581 757 673 813 jam
700 755 785 800 rite
815 755 1027 813 paratis.“
1076 753 1137 799 G.
1156 753 1243 810 111,
1262 747 1371 800 485·
1397 755 1500 813 „Ne
1529 756 1639 800 mihi
1666 763 1763 801 tum
1790 757 1934 803 mollis
1963 755 2047 801 sub
2076 756 2182 800 divo
2212 769 2393 812 carpere
2429 769 2607 800 somnos

418 825 527 872 Neu
558 823 691 869 dorso
721 823 916 868 nemoris
944 822 1085 868 libeat
1114 823 1307 880 ¹{sauine
1334 838 1415 883 per
1443 823 1648 869 herbas.“
1704 823 1779 869 Sic
1815 826 1950 870 etiam
1982 824 2038 868 de
2074 825 2172 868 loco
2207 823 2369 867 dicitur
2404 837 2605 880 carpere.

421 890 509 938 Ov.
539 891 652 937 Met.
679 889 790 946 XV,
810 891 916 936 507·
956 889 1181 948 „Jamque
1211 887 1484 938 Corinthiaci
1512 892 1748 951 carpebam
1777 893 1907 937 litora
1935 892 2113 947 Ponti,“
2140 906 2272 949 quem
2300 891 2446 936 locum
2479 889 2608 935 affert

420 948 674 1005 Ladevious
697 958 755 1002 ad
776 956 941 1014 G.111‚
956 959 1053 1003 325.
1110 957 1145 1002 J
1145 973 1217 1003 am
1237 964 1418 1016 praeter
1446 960 1568 1006 locos
1596 976 1732 1018 supra
1758 960 1967 1005 excitatos
1996 961 2106 1003 alios
2134 958 2369 1002 nonnullos
2391 958 2605 1001 adscribo.

418 1025 641 1082 A.11‚9:
672 1032 748 1082 „et
777 1027 872 1085 jam
900 1040 988 1070 nox
1020 1024 1201 1071 humida
1227 1026 1350 1078 eaelo
1378 1023 1650 1085 Praecipitat
1678 1027 1953 1086 suadentque
1982 1026 2182 1072 cadentia
2210 1026 2357 1071 sidera
2385 1040 2575 1071 somnos.
2576 1028 2606 1053 ‘⁴

418 1097 475 1140 cf.
513 1094 599 1150 IV,
629 1095 700 1137 81.
737 1095 840 1149 244.
876 1094 1012 1150 „hac
1027 1094 1194 1140 animas
1228 1094 1304 1156 ille
1340 1101 1499 1140 evocat
1535 1093 1657 1152 Orco
1702 1095 1915 1141 Pallentis
1958 1095 2068 1141 alias
2107 1094 2191 1140 sub
2227 1094 2413 1139 Tartara
2461 1093 2607 1138 tristia

417 1164 574 1218 mittit,
605 1162 699 1205 Dat
726 1177 903 1206 somnos
933 1161 1174 1219 adimitque
1200 1153 1246 1206 et
1268 1163 1438 1206 lumina
1467 1170 1608 1206 morte
1637 1165 1876 1221 resignat.“
1934 1164 2036 1207 530:
2067 1163 2162 1219 „At
2187 1176 2275 1206 non
2299 1161 2450 1205 infelix
2473 1161 2606 1205 animi

417 1231 665 1275 Phoenissa
685 1245 828 1285 neque
847 1244 1056 1307 umquam
1073 1228 1294 1275 Solvitur
1281 1244 1330 1272 ιιι
1342 1244 1533 1274 somnos.
1537 1233 1565 1257 “
1610 1232 1714 1274 557·
1744 1231 1894 1286 „Huic
1910 1245 1958 1274 se
1981 1231 2121 1273 forma
2141 1229 2213 1273 dei
2236 1230 2362 1273 voltu
2379 1226 2604 1272 redeuntis

419 1297 575 1343 eodem
601 1295 815 1341 Obtulit
803 1312 848 1340 m
877 1297 1042 1342 somnis
1071 1313 1310 1354 rursusque
1340 1298 1403 1341 ita
1431 1299 1526 1341 visa
1554 1313 1731 1341 monere
1760 1302 1868 1342 est.“
1927 1298 2037 1353 VII,
2054 1300 2155 1340 754:
2186 1297 2390 1351 „Umbro
2412 1296 2604 1353 Vipereo

420 1365 576 1425 generi
606 1371 652 1409 et
674 1363 870 1422 graviter
890 1363 1164 1420 spirantibus
1187 1364 1359 1423 hydrus
1372 1363 1599 1423 Spargere
1622 1366 1700 1422 qui
1722 1380 1899 1410 somnos
1919 1372 2135 1421 cantuque
2155 1378 2373 1420 manuque
2393 1363 2605 1407 solebat.“

419 1433 519 1479 Cat.
534 1435 604 1487 64,
622 1431 728 1474 3312
752 1430 1175 1489 „Languidolosque
1191 1439 1316 1490 paret
1331 1438 1477 1477 tecum
1492 1435 1760 1491 conjungere
1774 1437 1993 1477 somnos.“
2011 1459 2066 1466 -
2088 1434 2145 1476 A.
2157 1431 2243 1487 111,
2261 1433 2362 1475 151:
2392 1430 2604 1487 „Effigies

417 1515 571 1547 sacrae
599 1498 747 1542 divom
777 1497 1054 1557 Phrygiique
1084 1498 1287 1556 Penates,
1316 1498 1442 1556 Quos
1471 1516 1642 1545 mecum
1670 1501 1725 1545 ab
1755 1500 1888 1544 Troia
1915 1499 2161 1557 mediisque
2191 1515 2245 1543 ex
2273 1500 2453 1557 ignibus
2481 1497 2604 1542 urbis

416 1560 694 1622 Extuleram,
723 1567 806 1610 visi
836 1575 939 1610 ante
968 1568 1120 1612 oeulos
1148 1574 1289 1622 astare
1310 1568 1499 1625 ,jacentis
1529 1568 1585 1612 In
1614 1568 1792 1624 somnis,
1822 1568 1962 1612 multo
1992 1568 2210 1612 manifesti
2237 1568 2414 1622 lumine,
2443 1580 2530 1623 qua
2557 1579 2604 1610 se

417 1636 557 1680 Plena
593 1650 676 1691 per
717 1634 901 1679 insertas
942 1634 1158 1679 fundebat
1199 1636 1304 1681 luna
1345 1636 1603 1682 fenestras.“
1660 1636 1809 1681 Locus
1855 1651 1882 1680 a
1922 1635 2073 1680 multis
2117 1636 2306 1680 multum
2349 1648 2604 1692 perpensus.

415 1704 626 1748 Editores
654 1703 918 1747 recentiores
937 1701 971 1745 J
974 1702 1130 1747 ahnius
1154 1703 1405 1762 Wagnerus
1434 1704 1650 1761 Forbiger
1685 1703 1886 1748 Gossrau
1908 1703 2134 1760 Hauptius
2157 1703 2424 1747 Ribbeckius
2456 1700 2603 1745 Lade·
2692 1720 2696 1723 ⁴

415 1772 539 1815 vicus
576 1770 863 1826 acquiescunt
899 1770 944 1813 in
980 1770 1188 1814 codicum
1221 1771 1432 1825 lectione,
1477 1786 1610 1827 quam
1654 1771 1845 1815 Jahnius
1887 1772 1950 1814 ita
1993 1772 2310 1827 interpretatus
2357 1776 2444 1813 est:
2487 1767 2603 1811 Mihi

415 1837 653 1884 somnianti
682 1836 917 1880 videbatur
944 1837 1052 1881 luna
1079 1852 1162 1895 per
1190 1837 1405 1894 fenestras
1436 1838 1583 1881 lumen
1612 1839 1866 1892 immittere,
1897 1852 1988 1893 quo
2025 1839 2130 1883 olari
2158 1853 2209 1882 ac
2238 1837 2478 1892 manifesti,
2513 1851 2602 1879 non

417 1906 616 1959 obscuri,
652 1911 837 1960 penates
874 1904 1162 1961 apparebant.
1219 1903 1375 1949 Verba
1409 1912 1573 1949 autem:
1614 1920 1695 1949 nec
1731 1920 1865 1962 sopor
1899 1906 2010 1948 illud
2053 1912 2168 1960 erat,
2209 1906 2478 1962 significant:
2514 1919 2603 1946 non

416 1973 633 2020 somnium
672 1986 835 2016 vanum
877 1971 986 2028 fuit,
1027 1971 1106 2017 sed
1143 1987 1244 2017 vere
1281 1971 1388 2018 mihi
1431 1988 1673 2031 apparuere
1709 1981 1904 2030 penates.
1963 1975 2034 2016 Ac
2069 1981 2214 2018 tamen
2249 1980 2340 2017 tam
2385 1973 2524 2016 multa
2558 1978 2604 2015 et

416 2041 678 2101 gravissima
707 2045 861 2083 contra
890 2039 1003 2083 hanc
1037 2039 1271 2084 lectionem
1304 2040 1495 2099 proferri
1531 2048 1738 2099 possunt,
1774 2048 1824 2085 ut
1859 2042 1964 2085 mihi
2000 2042 2177 2098 quidem
2215 2055 2477 2099 persuasum
2513 2040 2603 2084 fere

415 2110 488 2165 sit,
517 2114 638 2153 recte
669 2122 765 2151 eam
794 2122 880 2151 non
908 2107 1083 2152 habere.
1140 2107 1319 2152 Etenim
1349 2110 1426 2168 qui
1453 2110 1622 2153 faciunt
1643 2111 1838 2153 Aeneam
1867 2111 2169 2164 somniantem,
2199 2110 2346 2152 lunam
2367 2108 2604 2165 splendore

414 2193 496 2223 suo
528 2175 828 2234 superfudisse
868 2181 1077 2233 penates,
1113 2175 1178 2220 ita
1210 2181 1263 2220 ut
1291 2175 1518 2222 'manifesti
1553 2184 1652 2221 ante
1681 2177 1834 2222 oculos
1870 2178 1910 2221 ei
1943 2177 2234 2231 adstitissent,
2271 2191 2360 2220 non
2396 2175 2603 2220 videntur

375 2245 680 2300 χιιιειιιιίιιὶειειι,
709 2242 812 2298 diis,
840 2243 879 2287 si
908 2243 980 2287 cui
1012 2243 1250 2288 dormienti
1277 2251 1542 2302 apparerent
1570 2261 1656 2290 non
1684 2261 1796 2304 opus
1823 2246 1959 2291 fuisse
1985 2246 2130 2290 alieno
2150 2245 2329 2302 lumine,
2360 2259 2496 2301 quum
2515 2243 2603 2301 ipsi

414 2315 560 2359 lucem
590 2312 873 2356 clarissimam
903 2306 1128 2356 effundere
1157 2318 1434 2370 putarenmr.
1491 2314 1607 2357 Tum
1642 2329 1747 2359 vero
1784 2321 1884 2359 ante
1918 2316 2065 2360 omnia
2095 2314 2227 2357 etiam
2262 2313 2309 2356 id
2343 2312 2603 2358 sumendum

415 2389 560 2435 esset„
574 2381 710 2424 fuisse
740 2381 975 2429 somnianti
1006 2380 1421 2437 contemplationem
1442 2382 1644 2439 caliginis
1672 2382 1979 2437 circumfusae,
2016 2396 2096 2425 nec
2115 2382 2253 2437 enim,
2283 2380 2432 2435 credo,
2461 2386 2602 2435 erunt,

415 2449 494 2506 qui
522 2448 743 2502 tenebras,
774 2462 890 2504 quae
920 2462 1073 2490 revera
1091 2453 1250 2505 tegunt
1272 2449 1504 2506 jacentem,
1532 2450 1626 2492 sine
1641 2465 1763 2493 mora
1787 2449 1844 2492 ad
1871 2451 2038 2492 somnia
2057 2463 2236 2505 quoque
2257 2450 2351 2505 ejus
2371 2448 2603 2490 transferri

397 2516 566 2561 velint.
623 2514 744 2560 Nam
772 2513 892 2571 quod
923 2512 1011 2569 IV,
1032 2514 1118 2558 570
1153 2513 1378 2573 leguntur:
1416 2516 1513 2571 „sic
1547 2517 1666 2560 fatus
1700 2517 1818 2559 nocti
1853 2531 1901 2560 se
1938 2517 2176 2562 immiscuit
2211 2520 2385 2572 atrae,“
2418 2530 2602 2573 prorsus

416 2583 503 2627 alia
532 2593 603 2626 res
633 2588 701 2627 est
729 2582 785 2627 de
814 2597 867 2626 ea
894 2596 1073 2638 caussa,
1111 2581 1231 2639 quod
1264 2582 1362 2642 ipse
1399 2582 1648 2628 Mercurius
1684 2599 1732 2628 re
1766 2598 1870 2627 vera
1904 2585 2016 2628 adiit
2042 2586 2237 2629 Aeneam
2273 2584 2425 2627 eadem
2461 2583 2603 2626 forma

416 2656 549 2708 atque
578 2649 700 2707 prius
730 2663 778 2693 se
813 2650 879 2693 illi
909 2648 1130 2699 obtulerat.
1158 2649 1362 2709 vigilanti
1401 2651 1478 2709 (cf.
1517 2651 1785 2709 556—559);
1814 2650 1985 2707 itaque,
2024 2666 2162 2707 quum
2197 2665 2284 2695 nox
2320 2656 2458 2705 esset,
2492 2649 2603 2695 dicit

414 2724 568 2777 poeta·
605 2717 726 2760 nocti
762 2732 809 2762 se
847 2717 1110 2772 immiscuit,
1143 2717 1263 2763 siout
1296 2733 1432 2776 supra
1473 2718 1661 2762 dixerat·
1698 2719 1744 2762 in
1778 2725 1957 2762 tenuem
1992 2734 2142 2763 auram
2184 2719 2362 2762 evanuit
2401 2719 2462 2774 (v.
2484 2718 2603 2774 278).

414 2784 593 2830 Deinde
618 2786 719 2842 jure
749 2784 902 2841 quaeri
929 2790 1095 2843 potest,
1123 2784 1205 2842 qui
1229 2785 1401 2833 factum
1426 2787 1486 2831 sit
1505 2792 1557 2831 ut
1574 2786 1848 2831 enuntiatum
1867 2785 1990 2843 quod
2008 2792 2094 2831 est.
2125 2785 2385 2830 manifesto
2372 2800 2418 2830 ιιι
2436 2785 2604 2832 lumino

413 2851 506 2908 IV,
515 2852 599 2911 358
620 2851 796 2897 dicatur
824 2852 880 2896 de
899 2851 1133 2896 Mercurio
1163 2866 1271 2909 vere
1294 2860 1549 2911 apparente,
1576 2855 1692 2899 siout
1720 2854 1924 2897 convenit
1942 2854 2251 2913 significationi
2269 2854 2486 2910 vocabuli,
2514 2854 2602 2898 hoc

414 2924 567 2966 autem
592 2920 693 2965 Ioco
723 2919 844 2966 idem
873 2919 968 2965 fere
995 2918 1051 2964 de
1078 2919 1258 2966 somnio
1276 2927 1543 2978 usurpetur,
1571 2936 1624 2966 ao
1652 2922 1758 2966 licet
1784 2922 2065 2977 sententiam,
2095 2937 2209 2979 qnae
2237 2928 2324 2966 est.
2353 2935 2442 2965 nee
2464 2935 2602 2979 sopor
