2952 3777
1540 306 1599 313 «Ἀ,

1280 321 1339 332 -
1554 322 1613 337 ᾳ

351 421 588 480 mam:
602 423 853 479 „Helenam
879 422 1232 481 vmtrrojm
1255 423 1323 469 ad
1342 423 1767 472 urbeffiffl
1794 426 2149 505 &cogitatione
2171 426 2218 470 in
2243 427 2541 481 asdifldorum

350 491 564 536 immensa
588 489 872 535 mirititudine
888 489 1047 551 defixa,
1074 497 1210 549 atque
1236 489 1444 550 ἾῙ-φῗῡδ·
1469 496 1801 550 „conventus
1824 492 1963 538 trahit
1989 494 2037 538 in
2056 492 2254 539 medio-‘⁴
2282 496 2417 553 positi
2434 503 2542 542 suut

352 565 594 604 conventus
622 563 745 603 certe
770 557 829 602 ob
856 557 1152 616 frequentiam
1178 558 1423 607 animarum
1452 558 1694 615 beatum.
1747 557 1881 616 Quae
1907 576 2044 620 quum
2072 561 2140 607 ita
2162 562 2274 619 sint,
2310 569 2541 610 consenta-

347 643 476 673 neum
512 626 712 682 videtur,
748 626 881 670 etiam
917 626 998 671 fati
1032 626 1204 672 oraculi
1230 626 1437 673 carminis
1464 633 1622 675 mm
1650 628 1868 675 methula
1909 630 2123 688 pluralem
2149 644 2384 676 numerum
2412 631 2540 677 ficile

349 696 581 741 adsumere
622 694 895 753 singulorum
939 694 1175 739 verborum
1216 695 1287 740 vel
1322 709 1535 742 versuum
1571 695 1651 745 vd
1669 697 1875 756 μιαίιιιιι
1913 703 2129 756 respectu.
2194 697 2286 744 Sed
2321 699 2382 744 ad
2411 699 2539 757 fata,

350 780 466 824 quae
490 763 735 809 innumeris
761 763 855 807 fere
883 762 993 808 locis
1027 774 1072 807 et
1098 778 1367 822 unaquaque
1396 764 1560 824 pagina
1587 765 1710 825 apud
1724 763 1974 825 Vergilium
2003 772 2190 821 exstant,
2217 769 2419 827 exempla
2446 783 2540 814 non

350 832 639 884 desiderabis:
668 831 725 875 de
745 832 902 875 ceteris
930 830 1084 876 videas
1113 831 1242 876 haec:
1270 832 1335 889 11,
1355 834 1458 877 114:
1487 832 1731 892 „Suspensi
1750 832 2033 892 Eurypylum
2061 833 2292 878 scitantem
2318 837 2538 882 oracula

349 901 520 946 Phoebi
548 899 815 944 Mittimus.“
871 898 981 956 VII,
998 901 1071 945 81:
1102 901 1198 955 „At
1226 915 1306 944 rex
1333 900 1554 946 sollicitus
1579 901 1783 948 monetis
1811 902 1987 946 oracula
2005 901 2163 958 Fauni,
2192 902 2384 947 Fatidici
2412 905 2537 962 geni-

351 971 476 1023 toris,
504 968 642 1013 adit.“
699 967 830 1022 VIII,
857 968 959 1011 131:
985 966 1107 1023 „Sed
1143 983 1240 1013 mea
1268 984 1338 1013 me
1364 970 1505 1015 virtus
1533 976 1579 1016 et
1605 976 1754 1016 sancta
1785 970 1968 1017 ,oracula
1997 970 2144 1014 divom
2173 996 2229 1005 —
2258 969 2536 1029 Conjunxere

348 1038 475 1081 tibi.“
533 1036 630 1080 Ecl.
645 1035 704 1091 V,
723 1037 794 1079 14:
830 1050 976 1092 „quae
1005 1036 1170 1080 cortice
1199 1037 1294 1096 fagi
1323 1036 1575 1082 Carmina
1601 1037 1815 1095 descfipsi
1850 1045 1896 1082 et
1932 1037 2161 1082 modulans
2189 1038 2359 1083 alterna
2386 1039 2537 1083 notavi

348 1105 613 1163 Experiar;“
652 1103 707 1146 cf.
746 1104 815 1146 55.
844 1101 908 1157 Χ,
924 1103 971 1145 3:
1008 1102 1188 1158 „Pauca
1224 1119 1322 1148 meo
1358 1104 1515 1160 Gallo,
1550 1105 1632 1150 sed
1665 1118 1780 1164 quae
1814 1105 1936 1163 legat
1969 1105 2066 1163 ipsa
2103 1104 2289 1163 Lycoris
2325 1104 2535 1151 Carmina

347 1178 450 1215 sunt
495 1171 726 1212 dicenda.“
781 1172 836 1211 A.
859 1168 966 1223 VII,
989 1170 1093 1213 641:
1138 1170 1356 1224 „Pandite
1396 1186 1513 1215 nunc
1549 1171 1790 1226 Helicona,
1828 1172 1961 1227 deae,
1996 1179 2279 1227 cantusque
2314 1178 2532 1225 movete;“

347 1239 403 1281 cf.
432 1237 495 1291 X,
522 1238 604 1279 163
634 1243 679 1279 et
707 1235 793 1280 ov.
816 1236 928 1278 Met.
943 1235 1006 1289 X,
1034 1238 1114 1279 149
1143 1253 1170 1279 a
1198 1238 1418 1281 Ladevico
1455 1239 1705 1282 excitatum.
1762 1239 2015 1292 Postremo,
2048 1246 2099 1281 ut
2126 1238 2420 1282 diversissima
2448 1240 2532 1284 hoc

347 1306 446 1350 loco
474 1304 602 1350 liceat
631 1319 789 1362 cogere
818 1303 863 1347 in
892 1319 1041 1360 unum,
1073 1303 1324 1351 afferendus
1353 1314 1420 1351 est
1448 1321 1603 1352 versus
1629 1308 1686 1351 A.
1710 1305 1796 1362 IV,
1813 1306 1918 1350 646:
1953 1306 2096 1361 „altos
2125 1304 2396 1351 Conscendit
2422 1307 2532 1352 furi-

347 1373 497 1418 bunda
527 1387 691 1432 rogos
720 1386 955 1427 ensemque
982 1372 1210 1416 recludit.“
1267 1373 1386 1417 Nam
1415 1374 1466 1430 si,
1497 1382 1547 1417 ut
1573 1385 1703 1435 antea¹
1729 1374 2002 1433 saepissime,
2032 1380 2076 1417 et
2104 1373 2189 1418 hac
2216 1374 2263 1417 in
2291 1389 2339 1417 re
2369 1373 2532 1420 ovidio

347 1442 516 1497 aliquid
546 1441 802 1493 tribuimus,
831 1440 972 1496 ligna,
1001 1441 1161 1495 quibus
1190 1448 1441 1485 exstructus
1470 1449 1565 1485 erat
1594 1458 1750 1501 rogus,
1779 1443 1936 1500 plurali
1962 1442 2279 1499 respiciuntur:
2316 1442 2427 1485 Met.
2447 1442 2531 1498 IV,

348 1512 451 1553 166:
494 1507 748 1564 „Quodque
786 1507 906 1564 rogis
947 1515 1150 1564 superest
1184 1525 1272 1560 upa
1308 1510 1542 1565 requiescit
1583 1511 1629 1553 in
1664 1515 1817 1554 urna-‘⁴
1872 1509 1976 1554 Uno
2017 1526 2124 1567 rogo
2163 1510 2531 1555 comburebantur

346 1578 562 1635 Pyramus
592 1583 636 1621 et
665 1575 844 1621 Thisbe.
865 1602 921 1609 —
941 1575 1087 1620 Verba
1117 1583 1263 1621 autem
1292 1594 1405 1632 quae
1431 1589 1534 1622 sunt
1556 1578 1725 1623 clamor
1756 1577 1936 1634 clangor
1961 1579 2155 1634 crepitus
2184 1577 2311 1623 fletus
2339 1579 2528 1635 gemitus

344 1646 527 1692 latratus
561 1645 757 1702 mugitus
794 1659 989 1689 murmur
1023 1644 1191 1690 sonitus
1225 1659 1360 1691 sonor
1389 1644 1552 1691 stridor
1588 1645 1775 1692 tinnitus
1803 1644 1997 1690 ululatus
2025 1650 2228 1700 vocatus,
2263 1662 2528 1704 quamquam

344 1715 522 1758 notione
550 1727 630 1757 sua
660 1712 841 1770 proprie
871 1711 1196 1755 multitudinem
1226 1712 1448 1769 quandam
1476 1727 1632 1758 vocum
1663 1713 2028 1771 complectuntur,
2057 1719 2198 1756 tamen
2228 1714 2358 1757 etiam
2386 1720 2528 1759 meto·

345 1783 494 1839 nymia
528 1781 750 1823 notionem
786 1781 918 1823 latius
952 1785 1170 1835 patentem
1213 1780 1270 1823 ad
1307 1794 1438 1824 unam
1473 1782 1628 1824 harum
1666 1795 1826 1824 vocum
1864 1780 2191 1838 significandam
2231 1782 2528 1839 constringere

345 1856 541 1907 possunt.
601 1848 761 1903 Itaque
797 1848 834 1889 si
871 1846 1100 1902 pluraliter
1134 1845 1380 1903 ponuntur,
1425 1848 1585 1904 duplex
1619 1847 1868 1905 explicandi
1902 1849 2014 1888 ratio
2051 1849 2241 1902 exsistit,
2279 1863 2415 1904 quum
2449 1856 2528 1891 aut

343 1916 605 1960 adsimilatio
639 1923 716 1956 aut
754 1921 936 1971 propter
971 1915 1281 1971 metonymiam
1314 1930 1447 1958 verus
1484 1915 1668 1973 pluralis
1701 1915 1897 1973 intellegi
1932 1916 2084 1972 possit.
2149 1917 2297 1970 Atque
2340 1915 2454 1958 hanc
2487 1916 2529 1959 si

343 1984 579 2040 sequimur,
607 1982 758 2039 paullo
778 1982 939 2025 fortius
969 1982 1099 2024 etiam
1130 1982 1354 2025 extollitur
1379 1982 1626 2040 pluralitas,
1654 1982 1733 2027 sed
1760 1998 1912 2026 verum
1941 1983 2273 2040 significationis
2293 1982 2529 2027 discrimen

345 2067 436 2095 non
465 2056 634 2111 exstare
659 2055 792 2106 patet.
841 2048 1007 2093 Tamen
1037 2064 1088 2093 ea
1107 2049 1281 2094 videtur
1309 2050 1535 2109 seligenda
1560 2065 1655 2096 esse
1678 2050 1805 2106 ratio,
1832 2065 1945 2107 quae
1975 2049 2234 2093 vividiorem
2262 2049 2412 2094 reddit
2430 2066 2528 2094 ora-

342 2120 525 2170 tionem:
555 2133 669 2174 quae
699 2123 765 2162 est
794 2117 1068 2174 metonymia.
1127 2117 1283 2174 Itaque
1312 2118 1510 2176 exempla
1537 2117 1710 2163 adferre
1737 2133 1850 2175 opus
1880 2133 1968 2161 non
1996 2125 2076 2161 est.
2105 2144 2163 2151 —

457 2186 546 2230 Res
584 2191 629 2228 et
665 2186 885 2239 actiones,
925 2199 1038 2241 quae
1075 2200 1157 2243 per
1185 2186 1373 2243 spatium
1404 2186 1630 2243 quoddam
1663 2186 1874 2244 temporis
1909 2185 2022 2229 fiunt
2049 2193 2183 2241 atque
2213 2184 2522 2242 expediuntur,

342 2254 570 2313 pluraliter
605 2260 790 2309 possunt
825 2253 1033 2309 exprimi,
1070 2254 1107 2295 si
1144 2254 1319 2310 singula
1348 2254 1556 2299 nascendi
1591 2260 1808 2298 momenta
1841 2255 2000 2310 respici
2037 2255 2134 2296 vult
2169 2259 2311 2310 poeta.
2369 2252 2522 2306 Quare

343 2324 399 2366 A.
415 2321 520 2375 VII,
541 2321 617 2363 40:
646 2320 843 2377 „primae
862 2319 1075 2363 revocabo
1104 2319 1326 2363 exordia
1354 2324 1561 2379 pugnae“
1580 2319 1761 2364 exordia
1779 2334 1801 2365 s
1880 2320 2027 2364 ificant
2046 2335 2198 2365 omnes
2219 2335 2290 2365 res
2309 2321 2522 2365 rationes·

343 2404 446 2446 que,
477 2403 664 2444 quarum
693 2387 779 2430 alia
808 2387 938 2429 aliam
968 2387 1179 2444 adjuvare
1208 2387 1409 2442 debebat,
1438 2394 1491 2431 ut
1518 2387 1698 2432 tandem
1725 2387 1779 2431 be
1812 2402 1889 2430 um
1918 2388 2140 2439 evaderet3
2170 2396 2356 2466 apparet
2382 2388 2523 2445 igitur

342 2458 414 2516 agi
444 2472 557 2513 rem,
596 2470 711 2512 quae
748 2454 978 2512 paullatim
1013 2455 1131 2497 facta
1165 2461 1209 2497 et
1242 2461 1396 2498 exorta
1430 2455 1501 2499 sit.
1560 2454 1619 2500 G.
1647 2454 1734 2510 IV,
1756 2456 1857 2498 316:
1887 2455 2051 2512 „Unde
2086 2470 2199 2498 nova
2233 2456 2522 2513 ingressus

341 2525 568 2566 hominum
598 2523 865 2579 experientia
894 2522 1067 2579 cepit?“
1097 2522 1257 2564 nollem
1286 2523 1546 2579 explicasset
1573 2522 1843 2566 Ladevieus:
1872 2523 2004 2564 nahm
2033 2523 2247 2581 Eingang,
2275 2522 2379 2565 fand
2410 2523 2521 2565 Ver-

341 2592 560 2649 breitung,
589 2605 679 2647 qua
707 2590 763 2632 ab
794 2591 1011 2633 sententia
1033 2592 1124 2647 jam
1153 2589 1199 2632 id
1229 2605 1330 2633 eum
1350 2590 1501 2633 debuit
1528 2589 1762 2644 deterrere,
1790 2591 1911 2647 qnod
1931 2591 2182 2648 saepissime
2202 2590 2376 2649 ingredi
2402 2590 2521 2633 valet

340 2660 544 2715 incipere,
575 2673 656 2701 nec
682 2658 728 2700 in
754 2658 952 2700 oratione
971 2659 1115 2701 solum
1142 2657 1221 2701 sed
1244 2658 1290 2700 in
1317 2658 1443 2702 factis
1465 2674 1658 2715 quoque,
1684 2658 1742 2702 cf.
1762 2659 1817 2702 A.
1836 2658 1922 2712 XI,
1937 2660 2035 2701 704.
2052 2701 2062 2708 ,
2092 2658 2252 2701 Immo:
2294 2659 2519 2715 ingressus

339 2742 496 2784 capere
525 2731 592 2771 est
620 2724 737 2770 idem
757 2731 907 2781 atque:
936 2723 1124 2780 initium,
1153 2724 1381 2768 exordium
1408 2732 1611 2782 repetere
1633 2724 1691 2770 ab
1720 2725 1867 2781 aliqua
1895 2741 1963 2779 re3
1993 2725 2178 2782 pluralis
2200 2740 2302 2769 vero
2331 2724 2520 2782 apertis-

341 2794 450 2839 sime
480 2799 651 2850 spectat
679 2793 924 2851 longiorem
954 2791 1329 2849 copiosioremque
1358 2791 1415 2836 de
1442 2793 1644 2837 Aristaeo
1670 2792 1888 2847 fibulam,
1924 2807 2038 2848 quae
2068 2792 2275 2835 continuo
2305 2792 2516 2847 sequitur.

339 2861 499 2916 Itaque
527 2860 780 2918 intellegas:
810 2858 975 2913 Quales
1004 2859 1181 2903 fuerunt
1208 2873 1280 2902 res
1309 2873 1422 2915 quae
1450 2860 1611 2904 sensim
1641 2859 1865 2907 efficerent
1901 2865 1950 2901 ut
1985 2859 2098 2902 ratio
2136 2873 2242 2914 apes
2276 2858 2513 2902 artificioso

338 2927 472 2973 modo
492 2926 755 2986 procreandi
774 2925 1095 2972 innotesceret?
1137 2927 1194 2971 A.
1214 2924 1299 2982 IV,
1321 2925 1423 2970 284:
1452 2925 1588 2984 „Heu
1605 2925 1713 2985 quid
1729 2925 1860 2986 agat?
1887 2941 1978 2982 quo
1997 2939 2114 2969 nunc
2133 2926 2328 2984 reginam
2347 2924 2515 2970 ambire

335 2996 555 3041 furentem
583 2995 760 3040 Audeat
788 2994 968 3049 adfatu?
1003 3010 1116 3053 quae
1143 2995 1292 3054 prim!
1320 2994 1504 3040 exordia
1536 2993 1739 3041 sumatW
1775 2993 1894 3038 haud
1930 2994 2063 3039 dubie
2099 2994 2285 3051 pluralis
2321 2993 2516 3039 ostendit

2179 3075 2229 3111 5.
