2952 3777
1317 223 1663 276 ...zo-..-

390 362 671 416 comparatae
689 355 793 410 sint,
820 361 874 399 ut
891 354 1044 411 aliquo
1068 358 1200 411 pacto
1217 352 1460 398 multitudo
1489 352 1705 411 quaedam
1726 366 1874 397 rerum
1900 351 1948 397 in
1972 351 2029 397 iia
2047 351 2176 399 facile
2193 365 2405 409 apparere
2432 353 2586 411 possit,

392 427 442 469 in
470 425 618 469 animo
647 429 803 481 poetae
822 421 880 466 ad
907 421 1068 475 omnia,
1097 434 1213 478 quae
1240 419 1493 466 uberiorem
1521 420 1868 484 vividioremque
1895 418 2089 464 reddunt
2114 419 2374 475 orationem,
2401 420 2588 467 maxime

391 508 615 552 propenso
650 490 758 534 haec
785 489 1032 547 plurativae
1067 488 1260 532 notionis
1287 488 1503 547 cogitatio
1540 497 1712 532 tantum
1740 487 1967 545 gravitatis
2004 501 2058 530 ac
2084 487 2250 545 vigoris
2277 488 2323 530 in
2351 501 2400 531 se
2433 489 2585 544 trahit,

392 567 443 605 ut
470 559 650 603 verbum
680 557 736 600 de
765 570 853 612 quo
885 557 1048 614 agitur,
1077 555 1162 600 etsi
1190 570 1240 599 re
1257 555 1361 614 ipsa>
1384 556 1546 600 retinet
1563 554 1926 613 significationem
1952 554 2231 612 singularem,
2259 555 2408 612 specie
2437 561 2584 600 tamen

391 634 570 673 externa
599 624 659 668 ad
687 623 1012 667 multitudinem
1042 638 1173 679 quam
1203 623 1403 675 continet„
1427 623 1667 667 inclinetur
1701 623 1773 667 vel
1800 623 1841 666 ei
1868 622 2151 666 adsimilem.
2207 621 2367 678 Itaque
2396 624 2434 667 si
2462 623 2609 670 inve-⁴

389 692 721 752 stigaverimus,
749 705 863 748 quae
887 692 947 735 sit
975 691 1052 735 illa
1078 691 1425 748 uniuscujusque
1453 689 1647 734 notionis
1674 689 1943 746 proprietas,
1978 705 2033 733 ex
2062 704 2151 746 qua
2178 688 2295 746 apud
2325 690 2584 746 scriptorem

390 766 490 804 orta
525 760 586 804 sit
613 758 912 817 multitudinis
947 758 1176 816 cujusdam
1210 757 1443 815 cogitatio,
1478 756 1584 800 inde
1621 757 1856 813 apparebit
1889 756 1999 813 quid
2029 757 2135 801 novi
2159 757 2345 815 pluralis
2374 772 2584 803 numerus

389 828 561 872 notioni
597 826 763 870 afferat.
821 827 892 868 Ac
927 840 1058 883 saepe
1092 825 1269 882 quidem
1301 824 1350 868 id
1386 823 1569 868 indicari
1606 824 1770 881 poterit
1806 824 1962 868 addito
2000 825 2219 884 adJectivo
2251 825 2422 882 aliqu0,
2454 839 2585 883 saepe
2638 826 2642 830 ’

391 906 537 941 autem
575 911 632 939 ne
668 894 752 937 hoc
781 892 959 950 quidem
993 894 1060 937 uti
1089 894 1258 948 licebit,
1294 908 1430 949 quum
1468 892 1677 935 subtilius
1713 893 1771 936 sit
1804 892 1852 935 id
1891 892 2012 948 quod
2041 893 2232 948 accedit,
2262 894 2515 951 praesertim
2546 894 2585 937 si

390 964 521 1008 aliam
552 961 768 1006 enuntiati
798 961 1018 1005 notionem
1049 961 1212 1019 plurali
1239 975 1423 1004 numero
1454 960 1603 1018 augeri
1634 960 1728 1003 vult
1754 965 1897 1016 poeta.
1957 957 2166 1003 Ceterum
2195 962 2272 1004 fiet
2299 961 2371 1004 hic
2401 961 2503 1012 illic,
2533 968 2585 1004 ut

391 1031 544 1085 verba,
574 1029 629 1074 de
659 1029 822 1084 quibus
851 1029 897 1072 in
926 1028 981 1072 iis
1008 1044 1120 1085 quae
1147 1034 1397 1085 sequuntur
1425 1043 1611 1084 expono,
1641 1027 1981 1084 significationes
2010 1027 2256 1082 exhibeant,
2286 1044 2398 1084 quae
2428 1028 2484 1071 ad
2512 1044 2584 1071 or-

390 1098 516 1142 dines
554 1112 694 1154 supra
721 1098 935 1140 tractatos
964 1095 1220 1140 referendae
1255 1100 1371 1138 sunt.
1428 1093 1566 1138 Nolui
1603 1102 1749 1138 tamen
1778 1094 1835 1137 ob
1873 1095 2049 1151 singula
2084 1096 2295 1138 nonnulla
2323 1102 2461 1139 totam
2488 1101 2584 1140 tex-

390 1171 537 1208 turam
575 1164 821 1220 discerpere
858 1169 1228 1220 conspectumque
1264 1161 1556 1205 difficiliorem
1584 1161 1780 1218 reddere.
1838 1161 2066 1204 Interdum
2101 1161 2232 1204 etiam
2264 1176 2337 1217 ea,
2373 1178 2486 1219 quae
2515 1164 2585 1207 via

392 1231 645 1289 explicandi
682 1231 814 1273 modo
852 1230 1116 1274 adumbrata
1151 1230 1486 1288 profecerimus,
1518 1231 1714 1286 proxime
1751 1229 1960 1273 accedent
1995 1228 2052 1272 ad
2090 1229 2281 1273 rationes
2318 1231 2585 1288 paragraphi

391 1299 568 1356 prioris,
598 1299 707 1354 quin
738 1300 869 1341 etiam
899 1298 1093 1342 dubitari
1123 1298 1285 1354 poterit
1311 1313 1649 1353 nonnunquam,
1687 1304 1789 1340 utra
1816 1297 2049 1354 explicatio
2080 1297 2365 1354 praeferenda
2394 1299 2463 1342 sit.
2522 1301 2585 1341 At

392 1366 662 1423 putaverim,
699 1366 737 1408 si
766 1367 812 1408 in
841 1366 1130 1423 explanandis
1165 1365 1340 1423 legibus
1377 1380 1603 1409 versemur
1631 1365 1891 1408 elocutionis
1926 1379 2094 1409 summa
2125 1379 2222 1407 cum
2251 1373 2344 1408 arte
2371 1366 2584 1422 excultae,

392 1434 661 1489 ubicumque
680 1433 737 1475 ad
759 1448 852 1475 rem
879 1433 1098 1489 quandam
1118 1432 1432 1490 expediendam
1453 1433 1600 1489 plures
1620 1432 1850 1476 facultates
1880 1433 2008 1476 datae
2029 1435 2130 1486 sint,
2159 1448 2251 1475 eam
2273 1433 2589 1490 amplectamur

392 1507 613 1558 oportere,
645 1516 760 1556 quae
789 1501 847 1544 sit
875 1500 1197 1558 elegantissima
1230 1515 1282 1543 ac
1309 1501 1496 1544 maxime
1526 1501 1753 1557 perpolita.
1812 1501 2012 1557 Namque
2047 1500 2094 1543 id
2123 1506 2189 1544 est
2218 1515 2378 1544 munus
2409 1502 2584 1557 artium,

391 1575 441 1612 ut
476 1568 630 1611 rudem
662 1583 753 1622 qua
789 1568 1008 1624 effingunt
1044 1584 1180 1625 opera
1217 1570 1444 1611 materiam
1480 1569 1715 1624 diligenter
1752 1570 1954 1611 excolant
1989 1569 2226 1623 divinoque
2264 1570 2387 1623 quasi
2422 1570 2583 1625 spiritu

390 1636 601 1692 impleant
630 1641 765 1690 atque
794 1635 962 1679 animos
999 1651 1026 1678 a
1054 1634 1251 1680 sensibus
1277 1634 1334 1679 ad
1371 1634 1522 1678 divina
1551 1641 1771 1679 sevocent.
1830 1634 2061 1678 Rationem
2100 1651 2204 1678 vero
2235 1636 2425 1693 augendi
2454 1651 2584 1679 accu-

391 1703 622 1758 ratiusque
643 1702 879 1746 definiendi
909 1718 1028 1746 mera
1057 1702 1248 1759 quadam
1268 1703 1618 1747 accumulatione
1647 1703 1762 1746 facta
1781 1702 1889 1746 rude
1916 1703 2084 1758 aliquid
2106 1718 2212 1760 prae
2243 1718 2289 1746 se
2314 1704 2428 1747 ferre
2455 1719 2583 1747 nemo

390 1771 583 1827 negabit.

506 1836 673 1880 Varius
712 1842 779 1880 est
807 1837 993 1893 pluralis
1022 1851 1128 1881 usus
1157 1836 1359 1880 vocabuli
1396 1837 1507 1891 oris,
1544 1851 1673 1893 quem
1703 1836 1906 1892 quoniam
1936 1837 2163 1894 tetigimus
2191 1836 2319 1879 initio
2350 1839 2389 1894 ξ.
2413 1839 2434 1879 1
2467 1851 2585 1880 nunc

391 1905 438 1946 in
486 1918 635 1947 omnes
670 1911 818 1960 partes
863 1904 1154 1960 explanemus.
1199 1904 1510 1947 ⁸1nveniuntur
1554 1911 1697 1947 autem
1734 1905 1922 1961 primum
1962 1919 2054 1947 ora
2096 1904 2291 1948 vultibus
2312 1897 2583 1949 'adsimilata

391 1975 451 2015 A.
465 1971 506 2026 I,
522 1972 625 2014 354:
656 1987 767 2026 „ora
782 1971 925 2014 modis
943 1972 1148 2015 attollens
1162 1971 1329 2028 pallida
1341 1973 1503 2016 miris.“
1547 1972 1608 2026 X,
1629 1973 1736 2015 822:
1767 1973 1858 2026 „At
1872 1987 1976 2015 vero
1990 1978 2040 2014 ut
2053 1973 2219 2016 voltum
2235 1971 2346 2015 vidit
2360 1973 2584 2017 morientis

394 2046 439 2083 et
475 2056 554 2082 ora
584 2037 679 2083 Ora
715 2039 857 2083 modis
886 2038 1175 2083 Anchisiades
1210 2040 1418 2096 pallentia
1451 2041 1597 2083 miris“
1637 2048 1719 2084 cet.
1775 2041 1815 2095 Ι,
1839 2041 1943 2083 658:
1975 2041 2159 2093 „faciem
2194 2046 2389 2083 mutatus
2426 2045 2471 2082 et
2504 2055 2583 2082 ora

394 2106 615 2165 Cupido.“
675 2106 763 2163 III,
788 2108 893 2151 4902
936 2104 1039 2161 „Sic
1067 2107 1242 2162 oculos,
1278 2108 1344 2152 sic
1372 2108 1447 2151 ille
1477 2124 1650 2163 manus,
1679 2109 1743 2152 sic
1772 2124 1849 2151 ora
1878 2108 2082 2151 ferebat.“
2142 2109 2251 2162 VII,
2274 2110 2378 2152 250:
2410 2108 2584 2161 „defixa

391 2177 581 2220 Latinus
612 2175 790 2220 Obtutu
828 2180 952 2218 tenet
980 2178 1086 2217 ora“
1117 2175 1173 2218 cf.
1192 2174 1325 2231 VIII,
1350 2176 1449 2218 520.
1506 2175 1579 2217 Ad
1614 2176 1761 2219 vultus
1797 2175 1936 2232 igitur
1970 2176 2060 2218 cris
2090 2176 2306 2232 imprimis
2341 2176 2584 2219 intenditur

392 2244 579 2298 animus,
609 2242 657 2286 id
686 2243 807 2299 quod
832 2243 1044 2298 locorum,
1074 2242 1311 2300 praecipue
1340 2258 1490 2286 eorum
1520 2257 1633 2299 quos
1661 2244 1830 2300 priores
1858 2244 2000 2299 attuli,
2031 2243 2400 2300 pulchritudinem
2423 2244 2583 2287 mirum

393 2317 609 2367 quantum
649 2317 795 2368 auget.
854 2311 977 2354 Bene
1009 2311 1140 2353 etiam
1174 2309 1365 2355 Ovidius
1394 2310 1506 2353 Met.
1529 2310 1588 2365 V,
1611 2312 1685 2354 58:
1724 2311 1901 2365 „fractis
1934 2311 2135 2354 confudit
2171 2312 2216 2355 in
2252 2311 2425 2356 ossibus
2462 2315 2581 2366 ora,“

393 2378 451 2421 ad
482 2392 598 2433 quae
628 2378 852 2435 eleganter
881 2378 1063 2421 adnotat
1091 2378 1335 2433 Hauptius:
1371 2377 1450 2421 der
1479 2377 1644 2435 Schlag
1672 2378 2001 2421 zerschmettert
2035 2379 2108 2422 die
2138 2379 2351 2422 Knochen
2381 2379 2459 2422 des
2489 2377 2582 2422 Ge-

392 2446 578 2498 sichtes3
613 2445 687 2494 die
726 2445 1048 2502 Gesichtsziige
1087 2445 1265 2489 werden
1306 2445 1507 2490 dadurch
1545 2460 1793 2488 verworren
1837 2445 1931 2488 und
1967 2446 2262 2489 unkenntlich.
2320 2450 2384 2490 At
2420 2461 2500 2503 per
2536 2461 2583 2490 se

392 2520 520 2570 patet
547 2513 633 2557 hoc
662 2528 793 2557 sensu
824 2528 902 2557 ora
930 2528 1018 2557 non
1047 2512 1135 2556 dici
1164 2514 1248 2557 nisi
1279 2513 1335 2558 de
1365 2513 1640 2567 hominibus,
1674 2529 1815 2569 quare,
1841 2514 1898 2556 A.
1915 2513 2050 2569 VIII,
2072 2516 2174 2558 591:
2205 2514 2456 2571 „(Lucifer)
2489 2515 2581 2557 Ex-

391 2580 497 2623 tulit
540 2596 589 2624 os
624 2595 799 2624 sacrum
837 2581 959 2625 caelo
989 2580 1277 2637 tenebrasque
1314 2581 1537 2625 resolvit.“
1595 2579 1628 2623 J
1630 2596 1700 2623 am
1743 2596 1846 2624 vero
1875 2582 2003 2625 facile
2039 2582 2133 2625 fieri
2170 2597 2321 2639 posse,
2357 2588 2408 2625 ut
2448 2588 2581 2638 poeta

394 2648 589 2691 externis
619 2647 887 2704 quibusdam
919 2648 1061 2691 causis
1089 2647 1309 2692 adductus
1337 2648 1554 2705 pluralem
1584 2654 1736 2705 ponat,
1768 2649 1899 2692 etiam
1928 2650 1966 2693 si
1995 2650 2140 2693 vultus
2170 2649 2420 2693 distinctius
2449 2649 2583 2706 signi-

392 2716 516 2759 ficari
545 2732 702 2773 parum
733 2716 931 2771 interest,
961 2731 1090 2759 nemo
1119 2731 1210 2759 non
1237 2716 1461 2761 concedet.
1505 2715 1594 2772 IX,
1614 2717 1713 2759 181:
1744 2715 1864 2771 „Ora
1893 2732 2004 2774 puer
2032 2718 2172 2773 prima
2201 2718 2379 2774 signans
2408 2717 2584 2761 intonsa

388 2786 615 2841 juventa.“
674 2781 767 2826 Sed
796 2784 955 2838 L315:
986 2783 1216 2842 „Virginis
1244 2799 1293 2829 os
1321 2784 1609 2840 habitumque
1639 2798 1794 2842 gerens
1824 2791 1869 2828 et
1897 2785 2080 2843 virginis
2101 2789 2248 2828 arma“
2280 2784 2356 2828 ubi
2382 2801 2463 2841 per
2491 2801 2582 2829 me-

392 2857 511 2894 trum
540 2852 756 2908 pluralem
786 2866 966 2907 quoque
993 2867 1160 2908 ponere
1188 2852 1358 2908 liceret,
1388 2868 1438 2896 os
1467 2852 1685 2910 significat
1713 2853 1910 2895 formam.
1969 2853 2024 2896 cf.
2044 2852 2152 2908 VII,
2169 2853 2267 2896 328.
2298 2852 2386 2908 IX,
2407 2853 2504 2896 646.
2526 2878 2582 2885 —

391 2918 571 2964 Deinde
599 2934 649 2965 os
669 2920 901 2977 pluraliter
926 2926 1163 2978 usurpatur
1190 2920 1423 2964 verborum
1444 2935 1558 2977 quae
1587 2936 1641 2964 ex
1667 2936 1741 2964 ore
1761 2920 1983 2978 prodeunt
2010 2922 2177 2966 ratione
2196 2921 2357 2966 habita.
2400 2920 2463 2975 11,
2480 2921 2562 2963 247
2572 2938 2584 2963 t
