<?xml version="1.0" encoding="UTF-8"?>
<!DOCTYPE html PUBLIC "-//W3C//DTD XHTML 1.0 Transitional//EN"
    "http://www.w3.org/TR/xhtml1/DTD/xhtml1-transitional.dtd">
<html xmlns="http://www.w3.org/1999/xhtml" xml:lang="en" lang="en">
 <head>
  <title>
</title>
<meta http-equiv="Content-Type" content="text/html;charset=utf-8" />
  <meta name='ocr-system' content='tesseract 3.04.00' />
  <meta name='ocr-capabilities' content='ocr_page ocr_carea ocr_par ocr_line ocrx_word'/>
</head>
<body>
  <div class='ocr_page' id='page_1' title='image "4767270_0022.png"; bbox 0 0 2952 3777; ppageno 0'>
   <div class='ocr_carea' id='block_1_1' title="bbox 1275 198 1614 277">
    <p class='ocr_par' dir='ltr' id='par_1_1' title="bbox 1275 198 1614 277">
     <span class='ocr_line' id='line_1_1' title="bbox 1275 198 1614 277; baseline 0.009 -12"><span class='ocrx_word' id='word_1_1' title='bbox 1275 198 1614 277; x_wconf 65' lang='grc' dir='ltr'><strong>...ἰσ-</strong></span> 
     </span>
    </p>
   </div>
   <div class='ocr_carea' id='block_1_2' title="bbox 344 355 2539 1225">
    <p class='ocr_par' dir='ltr' id='par_1_2' title="bbox 350 355 2539 620">
     <span class='ocr_line' id='line_1_2' title="bbox 350 355 2539 417; baseline 0.002 -14"><span class='ocrx_word' id='word_1_2' title='bbox 350 358 512 403; x_wconf 75' lang='lat' dir='ltr'>denter</span> <span class='ocrx_word' id='word_1_3' title='bbox 539 355 693 417; x_wconf 81' lang='lat' dir='ltr'>plnres</span> <span class='ocrx_word' id='word_1_4' title='bbox 708 356 859 405; x_wconf 71' lang='lat' dir='ltr'>fustes</span> <span class='ocrx_word' id='word_1_5' title='bbox 874 355 1078 414; x_wconf 3' lang='lat' dir='ltr'>eoelum,</span> <span class='ocrx_word' id='word_1_6' title='bbox 1103 368 1187 402; x_wconf 81' lang='lat' dir='ltr'>neo</span> <span class='ocrx_word' id='word_1_7' title='bbox 1210 355 1363 414; x_wconf 64' lang='lat' dir='ltr'>pedm</span> <span class='ocrx_word' id='word_1_8' title='bbox 1385 358 1585 416; x_wconf 45' lang='lat' dir='ltr'>primum,</span> <span class='ocrx_word' id='word_1_9' title='bbox 1603 356 2053 414; x_wconf 52' lang='lat' dir='ltr'>quemqueen-«nn</span> <span class='ocrx_word' id='word_1_10' title='bbox 2086 356 2374 415; x_wconf 54' lang='lat' dir='ltr'>misiottr—</span> <span class='ocrx_word' id='word_1_11' title='bbox 2392 359 2539 408; x_wconf 77' lang='lat' dir='ltr'>Addi-</span> 
     </span>
     <span class='ocr_line' id='line_1_3' title="bbox 351 421 2538 500; baseline 0.002 -32"><span class='ocrx_word' id='word_1_12' title='bbox 351 424 493 469; x_wconf 69' lang='lat' dir='ltr'>denim</span> <span class='ocrx_word' id='word_1_13' title='bbox 511 424 644 473; x_wconf 25' lang='lat' dir='ltr'>*locos</span> <span class='ocrx_word' id='word_1_14' title='bbox 668 422 921 500; x_wconf 72' lang='lat' dir='ltr'>nonnullae,</span> <span class='ocrx_word' id='word_1_15' title='bbox 940 421 1024 471; x_wconf 69' lang='lat' dir='ltr'>,nbi</span> <span class='ocrx_word' id='word_1_16' title='bbox 1048 436 1182 468; x_wconf 77' lang='lat' dir='ltr'>sensu</span> <span class='ocrx_word' id='word_1_17' title='bbox 1206 423 1375 480; x_wconf 66' lang='lat' dir='ltr'>paullo</span> <span class='ocrx_word' id='word_1_18' title='bbox 1378 425 1564 473; x_wconf 60' lang='lat' dir='ltr'>diemo</span> <span class='ocrx_word' id='word_1_19' title='bbox 1591 424 1877 472; x_wconf 76' lang='lat' dir='ltr'>inveniuntur</span> <span class='ocrx_word' id='word_1_20' title='bbox 1891 424 2086 472; x_wconf 42' lang='lat' dir='ltr'>roboras</span> <span class='ocrx_word' id='word_1_21' title='bbox 2119 423 2180 470; x_wconf 72' lang='lat' dir='ltr'>G.</span> <span class='ocrx_word' id='word_1_22' title='bbox 2194 423 2261 480; x_wconf 80' lang='grc' dir='ltr'>Π,</span> <span class='ocrx_word' id='word_1_23' title='bbox 2275 424 2382 472; x_wconf 72' lang='lat'>8052</span> <span class='ocrx_word' id='word_1_24' title='bbox 2415 426 2538 483; x_wconf 70' lang='lat' dir='ltr'>„Qui</span> 
     </span>
     <span class='ocr_line' id='line_1_4' title="bbox 352 487 2537 552; baseline 0.002 -15"><span class='ocrx_word' id='word_1_25' title='bbox 352 490 508 538; x_wconf 79' lang='lat' dir='ltr'>furtim</span> <span class='ocrx_word' id='word_1_26' title='bbox 527 487 687 550; x_wconf 76' lang='lat' dir='ltr'>pingui</span> <span class='ocrx_word' id='word_1_27' title='bbox 709 489 898 548; x_wconf 82' lang='lat' dir='ltr'>primum</span> <span class='ocrx_word' id='word_1_28' title='bbox 916 487 1000 534; x_wconf 83' lang='lat' dir='ltr'>sub</span> <span class='ocrx_word' id='word_1_29' title='bbox 1027 488 1194 535; x_wconf 76' lang='lat' dir='ltr'>cortice</span> <span class='ocrx_word' id='word_1_30' title='bbox 1213 495 1361 542; x_wconf 80' lang='lat' dir='ltr'>tectus</span> <span class='ocrx_word' id='word_1_31' title='bbox 1379 490 1563 542; x_wconf 76' lang='lat' dir='ltr'>Robora</span> <span class='ocrx_word' id='word_1_32' title='bbox 1581 490 1898 552; x_wconf 76' lang='lat' dir='ltr'>comprendit-‘⁴</span> <span class='ocrx_word' id='word_1_33' title='bbox 1939 488 2032 539; x_wconf 77' lang='lat' dir='ltr'>-.0v</span> <span class='ocrx_word' id='word_1_34' title='bbox 2051 490 2360 548; x_wconf 56' lang='grc' dir='ltr'>ΜοιΙΠΛᾺ·</span> <span class='ocrx_word' id='word_1_35' title='bbox 2385 491 2537 549; x_wconf 84' lang='grc' dir='ltr'><strong>,,Ροιι</strong></span> 
     </span>
     <span class='ocr_line' id='line_1_5' title="bbox 350 557 2535 620; baseline 0.001 -15"><span class='ocrx_word' id='word_1_36' title='bbox 350 561 459 605; x_wconf 86' lang='lat' dir='ltr'>dere</span> <span class='ocrx_word' id='word_1_37' title='bbox 491 557 707 615; x_wconf 75' lang='lat' dir='ltr'>serpentis</span> <span class='ocrx_word' id='word_1_38' title='bbox 736 563 922 601; x_wconf 71' lang='lat' dir='ltr'>curvata</span> <span class='ocrx_word' id='word_1_39' title='bbox 950 563 1020 602; x_wconf 79' lang='lat' dir='ltr'>eet</span> <span class='ocrx_word' id='word_1_40' title='bbox 1046 557 1183 602; x_wconf 82' lang='lat' dir='ltr'>arbor</span> <span class='ocrx_word' id='word_1_41' title='bbox 1209 565 1255 603; x_wconf 87' lang='lat' dir='ltr'>et</span> <span class='ocrx_word' id='word_1_42' title='bbox 1283 558 1398 604; x_wconf 74' lang='lat' dir='ltr'>imae</span> <span class='ocrx_word' id='word_1_43' title='bbox 1431 559 1569 605; x_wconf 76' lang='lat' dir='ltr'>Parte</span> <span class='ocrx_word' id='word_1_44' title='bbox 1595 559 1811 620; x_wconf 78' lang='lat' dir='ltr'>flagellari</span> <span class='ocrx_word' id='word_1_45' title='bbox 1835 559 2007 618; x_wconf 83' lang='lat' dir='ltr'>gemuit</span> <span class='ocrx_word' id='word_1_46' title='bbox 2032 573 2112 605; x_wconf 86' lang='lat' dir='ltr'>sna</span> <span class='ocrx_word' id='word_1_47' title='bbox 2136 558 2295 606; x_wconf 77' lang='lat' dir='ltr'>robora</span> <span class='ocrx_word' id='word_1_48' title='bbox 2318 560 2535 607; x_wconf 56' lang='grc' dir='ltr'><strong>ωτιᾱιοέέ</strong></span> 
     </span>
    </p>

    <p class='ocr_par' dir='ltr' id='par_1_3' title="bbox 344 652 2536 1225">
     <span class='ocr_line' id='line_1_6' title="bbox 461 652 2536 752; baseline 0.001 -15"><span class='ocrx_word' id='word_1_49' title='bbox 461 691 516 737; x_wconf 86' lang='lat' dir='ltr'>Si</span> <span class='ocrx_word' id='word_1_50' title='bbox 544 692 602 736; x_wconf 88' lang='lat' dir='ltr'>de</span> <span class='ocrx_word' id='word_1_51' title='bbox 631 691 768 737; x_wconf 85' lang='lat' dir='ltr'>armis</span> <span class='ocrx_word' id='word_1_52' title='bbox 797 706 871 736; x_wconf 89' lang='lat' dir='ltr'>res</span> <span class='ocrx_word' id='word_1_53' title='bbox 898 698 987 746; x_wconf 83' lang='lat' dir='ltr'>est,</span> <span class='ocrx_word' id='word_1_54' title='bbox 1025 692 1153 737; x_wconf 79' lang='lat' dir='ltr'>facile</span> <span class='ocrx_word' id='word_1_55' title='bbox 1182 692 1240 736; x_wconf 84' lang='lat' dir='ltr'>ad</span> <span class='ocrx_word' id='word_1_56' title='bbox 1268 693 1452 736; x_wconf 79' lang='lat' dir='ltr'>volnera</span> <span class='ocrx_word' id='word_1_57' title='bbox 1479 708 1680 749; x_wconf 86' lang='lat' dir='ltr'>quoque,</span> <span class='ocrx_word' id='word_1_58' title='bbox 1717 709 1833 751; x_wconf 86' lang='lat' dir='ltr'>quae</span> <span class='ocrx_word' id='word_1_59' title='bbox 1860 694 2087 752; x_wconf 81' lang='lat' dir='ltr'>infligunt,</span> <span class='ocrx_word' id='word_1_60' title='bbox 2123 652 2322 740; x_wconf 73' lang='lat' dir='ltr'>defertur</span> <span class='ocrx_word' id='word_1_61' title='bbox 2350 694 2536 740; x_wconf 80' lang='lat' dir='ltr'>animus.</span> 
     </span>
     <span class='ocr_line' id='line_1_7' title="bbox 347 759 2534 818; baseline 0 -11"><span class='ocrx_word' id='word_1_62' title='bbox 347 762 500 818; x_wconf 79' lang='lat' dir='ltr'>Atque</span> <span class='ocrx_word' id='word_1_63' title='bbox 528 771 668 817; x_wconf 85' lang='lat' dir='ltr'>quum</span> <span class='ocrx_word' id='word_1_64' title='bbox 696 759 1181 818; x_wconf 71' lang='lat' dir='ltr'>A.1V‚6831egimus·</span> <span class='ocrx_word' id='word_1_65' title='bbox 1210 759 1361 815; x_wconf 71' lang='lat' dir='ltr'>„date,</span> <span class='ocrx_word' id='word_1_66' title='bbox 1389 759 1584 807; x_wconf 81' lang='lat' dir='ltr'>volnera</span> <span class='ocrx_word' id='word_1_67' title='bbox 1600 760 1794 817; x_wconf 75' lang='lat' dir='ltr'><strong>lymphis</strong></span> <span class='ocrx_word' id='word_1_68' title='bbox 1819 761 2017 806; x_wconf 87' lang='lat' dir='ltr'>Ablnam</span> <span class='ocrx_word' id='word_1_69' title='bbox 2046 768 2091 806; x_wconf 90' lang='lat' dir='ltr'>et</span> <span class='ocrx_word' id='word_1_70' title='bbox 2117 767 2338 808; x_wconf 84' lang='lat' dir='ltr'>extremus</span> <span class='ocrx_word' id='word_1_71' title='bbox 2367 762 2406 807; x_wconf 88' lang='lat' dir='ltr'>si</span> <span class='ocrx_word' id='word_1_72' title='bbox 2434 762 2534 818; x_wconf 78' lang='lat' dir='ltr'>quis</span> 
     </span>
     <span class='ocr_line' id='line_1_8' title="bbox 347 824 2533 886; baseline -0 -12"><span class='ocrx_word' id='word_1_73' title='bbox 347 843 484 886; x_wconf 88' lang='lat' dir='ltr'>super</span> <span class='ocrx_word' id='word_1_74' title='bbox 503 827 666 872; x_wconf 86' lang='lat' dir='ltr'>halitus</span> <span class='ocrx_word' id='word_1_75' title='bbox 692 832 813 876; x_wconf 79' lang='lat' dir='ltr'>errat</span> <span class='ocrx_word' id='word_1_76' title='bbox 832 824 927 871; x_wconf 87' lang='lat' dir='ltr'>Ore</span> <span class='ocrx_word' id='word_1_77' title='bbox 953 828 1147 885; x_wconf 74' lang='lat' dir='ltr'>legam-,⁴⁶</span> <span class='ocrx_word' id='word_1_78' title='bbox 1177 841 1289 883; x_wconf 81' lang='lat' dir='ltr'>qnae</span> <span class='ocrx_word' id='word_1_79' title='bbox 1317 827 1535 872; x_wconf 82' lang='lat' dir='ltr'>exclamat</span> <span class='ocrx_word' id='word_1_80' title='bbox 1552 828 1686 871; x_wconf 85' lang='lat' dir='ltr'>Anna</span> <span class='ocrx_word' id='word_1_81' title='bbox 1714 827 1770 872; x_wconf 92' lang='lat' dir='ltr'>de</span> <span class='ocrx_word' id='word_1_82' title='bbox 1799 828 1979 873; x_wconf 78' lang='lat' dir='ltr'>Didone</span> <span class='ocrx_word' id='word_1_83' title='bbox 2005 844 2086 876; x_wconf 83' lang='lat' dir='ltr'>sua</span> <span class='ocrx_word' id='word_1_84' title='bbox 2112 829 2253 886; x_wconf 86' lang='lat' dir='ltr'>ipsius</span> <span class='ocrx_word' id='word_1_85' title='bbox 2280 843 2412 873; x_wconf 87' lang='lat' dir='ltr'>manu</span> <span class='ocrx_word' id='word_1_86' title='bbox 2441 843 2533 873; x_wconf 91' lang='lat' dir='ltr'>mo-</span> 
     </span>
     <span class='ocr_line' id='line_1_9' title="bbox 346 894 2535 953; baseline 0.002 -17"><span class='ocrx_word' id='word_1_87' title='bbox 346 897 502 951; x_wconf 77' lang='lat' dir='ltr'>riente,</span> <span class='ocrx_word' id='word_1_88' title='bbox 531 908 667 951; x_wconf 88' lang='lat' dir='ltr'>porro</span> <span class='ocrx_word' id='word_1_89' title='bbox 694 908 830 949; x_wconf 88' lang='lat' dir='ltr'>quum</span> <span class='ocrx_word' id='word_1_90' title='bbox 859 894 907 939; x_wconf 91' lang='lat' dir='ltr'>in</span> <span class='ocrx_word' id='word_1_91' title='bbox 937 894 1307 950; x_wconf 84' lang='lat' dir='ltr'>comparationem</span> <span class='ocrx_word' id='word_1_92' title='bbox 1335 909 1546 941; x_wconf 82' lang='lat' dir='ltr'>vocamus</span> <span class='ocrx_word' id='word_1_93' title='bbox 1576 909 1629 938; x_wconf 91' lang='lat' dir='ltr'>ea</span> <span class='ocrx_word' id='word_1_94' title='bbox 1657 909 1773 952; x_wconf 81' lang='lat' dir='ltr'>quae</span> <span class='ocrx_word' id='word_1_95' title='bbox 1802 896 1925 952; x_wconf 88' lang='lat' dir='ltr'>apud</span> <span class='ocrx_word' id='word_1_96' title='bbox 1955 894 2171 940; x_wconf 84' lang='lat' dir='ltr'>Ovidium</span> <span class='ocrx_word' id='word_1_97' title='bbox 2198 896 2362 941; x_wconf 77' lang='lat' dir='ltr'>Thisbe</span> <span class='ocrx_word' id='word_1_98' title='bbox 2389 896 2535 953; x_wconf 89' lang='lat' dir='ltr'>loqui-</span> 
     </span>
     <span class='ocr_line' id='line_1_10' title="bbox 345 960 2534 1019; baseline -0 -11"><span class='ocrx_word' id='word_1_99' title='bbox 345 972 422 1008; x_wconf 84' lang='lat' dir='ltr'>tur</span> <span class='ocrx_word' id='word_1_100' title='bbox 458 962 515 1005; x_wconf 90' lang='lat' dir='ltr'>ad</span> <span class='ocrx_word' id='word_1_101' title='bbox 560 967 778 1004; x_wconf 87' lang='lat' dir='ltr'>mortuum</span> <span class='ocrx_word' id='word_1_102' title='bbox 814 960 996 1019; x_wconf 83' lang='lat' dir='ltr'>Pyrami</span> <span class='ocrx_word' id='word_1_103' title='bbox 1033 976 1196 1018; x_wconf 88' lang='lat' dir='ltr'>corpus</span> <span class='ocrx_word' id='word_1_104' title='bbox 1231 977 1411 1006; x_wconf 83' lang='lat' dir='ltr'>reversa</span> <span class='ocrx_word' id='word_1_105' title='bbox 1436 962 1550 1006; x_wconf 80' lang='lat' dir='ltr'>Met.</span> <span class='ocrx_word' id='word_1_106' title='bbox 1577 962 1927 1017; x_wconf 68' lang='lat' dir='ltr'>1V‚15021„0st</span> <span class='ocrx_word' id='word_1_107' title='bbox 1956 970 2002 1006; x_wconf 88' lang='lat' dir='ltr'>et</span> <span class='ocrx_word' id='word_1_108' title='bbox 2033 964 2140 1006; x_wconf 86' lang='lat' dir='ltr'>mihi</span> <span class='ocrx_word' id='word_1_109' title='bbox 2169 965 2294 1009; x_wconf 84' lang='lat' dir='ltr'>fortis</span> <span class='ocrx_word' id='word_1_110' title='bbox 2322 965 2367 1008; x_wconf 91' lang='lat' dir='ltr'>in</span> <span class='ocrx_word' id='word_1_111' title='bbox 2396 978 2534 1008; x_wconf 89' lang='lat' dir='ltr'>unum</span> 
     </span>
     <span class='ocr_line' id='line_1_11' title="bbox 345 1028 2533 1089; baseline 0.001 -15"><span class='ocrx_word' id='word_1_112' title='bbox 345 1030 449 1074; x_wconf 90' lang='lat' dir='ltr'>Ho&#39;c</span> <span class='ocrx_word' id='word_1_113' title='bbox 473 1043 646 1073; x_wconf 86' lang='lat' dir='ltr'>manus.</span> <span class='ocrx_word' id='word_1_114' title='bbox 676 1034 744 1072; x_wconf 88' lang='lat' dir='ltr'>est</span> <span class='ocrx_word' id='word_1_115' title='bbox 773 1033 817 1071; x_wconf 84' lang='lat' dir='ltr'>et</span> <span class='ocrx_word' id='word_1_116' title='bbox 845 1043 988 1072; x_wconf 77' lang='lat' dir='ltr'>amor:</span> <span class='ocrx_word' id='word_1_117' title='bbox 1017 1028 1143 1073; x_wconf 91' lang='lat' dir='ltr'>dabit</span> <span class='ocrx_word' id='word_1_118' title='bbox 1169 1029 1282 1074; x_wconf 89' lang='lat' dir='ltr'>hic</span> <span class='ocrx_word' id='word_1_119' title='bbox 1270 1045 1316 1074; x_wconf 88' lang='grc' dir='ltr'>ιιι</span> <span class='ocrx_word' id='word_1_120' title='bbox 1346 1030 1528 1073; x_wconf 87' lang='lat' dir='ltr'>vulnera</span> <span class='ocrx_word' id='word_1_121' title='bbox 1551 1030 1680 1074; x_wconf 87' lang='lat' dir='ltr'>vires.</span> <span class='ocrx_word' id='word_1_122' title='bbox 1729 1029 1972 1087; x_wconf 88' lang='lat' dir='ltr'>Persequar</span> <span class='ocrx_word' id='word_1_123' title='bbox 1990 1030 2376 1089; x_wconf 49' lang='lat' dir='ltr'>extinctum‘ficet.</span> <span class='ocrx_word' id='word_1_124' title='bbox 2406 1030 2533 1076; x_wconf 86' lang='lat' dir='ltr'>facile</span> 
     </span>
     <span class='ocr_line' id='line_1_12' title="bbox 344 1095 2533 1157; baseline 0 -14"><span class='ocrx_word' id='word_1_125' title='bbox 344 1096 655 1157; x_wconf 77' lang='lat' dir='ltr'><strong>cognoscimus</strong></span> <span class='ocrx_word' id='word_1_126' title='bbox 692 1102 736 1139; x_wconf 91' lang='lat' dir='ltr'>et</span> <span class='ocrx_word' id='word_1_127' title='bbox 770 1095 839 1140; x_wconf 91' lang='lat' dir='ltr'>his</span> <span class='ocrx_word' id='word_1_128' title='bbox 874 1096 984 1141; x_wconf 89' lang='lat' dir='ltr'>locis</span> <span class='ocrx_word' id='word_1_129' title='bbox 1022 1112 1253 1142; x_wconf 87' lang='lat' dir='ltr'>numerum</span> <span class='ocrx_word' id='word_1_130' title='bbox 1298 1097 1514 1156; x_wconf 79' lang='lat' dir='ltr'><strong>pluralem</strong></span> <span class='ocrx_word' id='word_1_131' title='bbox 1548 1097 1795 1142; x_wconf 84' lang='lat' dir='ltr'>adhibitum</span> <span class='ocrx_word' id='word_1_132' title='bbox 1834 1111 1929 1142; x_wconf 90' lang='lat' dir='ltr'>esse</span> <span class='ocrx_word' id='word_1_133' title='bbox 1963 1097 2022 1141; x_wconf 85' lang='lat' dir='ltr'>ad</span> <span class='ocrx_word' id='word_1_134' title='bbox 2058 1097 2299 1156; x_wconf 86' lang='lat' dir='ltr'>augendam</span> <span class='ocrx_word' id='word_1_135' title='bbox 2338 1098 2533 1144; x_wconf 86' lang='lat' dir='ltr'>notionis</span> 
     </span>
     <span class='ocr_line' id='line_1_13' title="bbox 345 1163 2534 1225; baseline 0.001 -16"><span class='ocrx_word' id='word_1_136' title='bbox 345 1165 620 1225; x_wconf 82' lang='lat' dir='ltr'>qualitatem,</span> <span class='ocrx_word' id='word_1_137' title='bbox 649 1164 711 1207; x_wconf 90' lang='lat' dir='ltr'>ita</span> <span class='ocrx_word' id='word_1_138' title='bbox 738 1169 789 1207; x_wconf 89' lang='lat' dir='ltr'>ut</span> <span class='ocrx_word' id='word_1_139' title='bbox 817 1163 1000 1208; x_wconf 82' lang='lat' dir='ltr'>volnera</span> <span class='ocrx_word' id='word_1_140' title='bbox 1033 1165 1125 1209; x_wconf 87' lang='lat' dir='ltr'>fere</span> <span class='ocrx_word' id='word_1_141' title='bbox 1155 1166 1243 1210; x_wconf 90' lang='lat' dir='ltr'>sint</span> <span class='ocrx_word' id='word_1_142' title='bbox 1276 1165 1395 1210; x_wconf 89' lang='lat' dir='ltr'>idem</span> <span class='ocrx_word' id='word_1_143' title='bbox 1424 1172 1555 1224; x_wconf 90' lang='lat' dir='ltr'>atque</span> <span class='ocrx_word' id='word_1_144' title='bbox 1585 1166 1743 1210; x_wconf 88' lang='lat' dir='ltr'>volnus</span> <span class='ocrx_word' id='word_1_145' title='bbox 1772 1165 1914 1209; x_wconf 88' lang='lat' dir='ltr'>letale.</span> <span class='ocrx_word' id='word_1_146' title='bbox 1972 1166 2131 1223; x_wconf 82' lang='lat' dir='ltr'>Neque</span> <span class='ocrx_word' id='word_1_147' title='bbox 2168 1165 2296 1209; x_wconf 88' lang='lat' dir='ltr'>aliter</span> <span class='ocrx_word' id='word_1_148' title='bbox 2324 1180 2371 1211; x_wconf 88' lang='lat' dir='ltr'>se</span> <span class='ocrx_word' id='word_1_149' title='bbox 2400 1166 2534 1211; x_wconf 86' lang='lat' dir='ltr'>habet</span> 
     </span>
    </p>
   </div>
   <div class='ocr_carea' id='block_1_3' title="bbox 266 1233 2533 1292">
    <p class='ocr_par' dir='ltr' id='par_1_4' title="bbox 266 1233 2533 1292">
     <span class='ocr_line' id='line_1_14' title="bbox 266 1233 2533 1292; baseline -0 -13"><span class='ocrx_word' id='word_1_150' title='bbox 266 1240 268 1242; x_wconf 82' lang='grc'><strong>’</strong></span> <span class='ocrx_word' id='word_1_151' title='bbox 344 1235 468 1292; x_wconf 91' lang='lat' dir='ltr'>quod</span> <span class='ocrx_word' id='word_1_152' title='bbox 496 1233 664 1291; x_wconf 84' lang='lat' dir='ltr'>legitur</span> <span class='ocrx_word' id='word_1_153' title='bbox 692 1235 750 1275; x_wconf 84' lang='lat' dir='ltr'>A.</span> <span class='ocrx_word' id='word_1_154' title='bbox 778 1233 862 1288; x_wconf 79' lang='lat' dir='ltr'>xl,</span> <span class='ocrx_word' id='word_1_155' title='bbox 884 1234 960 1276; x_wconf 79' lang='lat'>56:</span> <span class='ocrx_word' id='word_1_156' title='bbox 989 1241 1066 1290; x_wconf 87' lang='lat' dir='ltr'>„at</span> <span class='ocrx_word' id='word_1_157' title='bbox 1095 1250 1204 1289; x_wconf 93' lang='lat' dir='ltr'>non,</span> <span class='ocrx_word' id='word_1_158' title='bbox 1239 1234 1473 1291; x_wconf 77' lang='lat' dir='ltr'>Euandre,</span> <span class='ocrx_word' id='word_1_159' title='bbox 1509 1235 1726 1292; x_wconf 88' lang='lat' dir='ltr'>pudendis</span> <span class='ocrx_word' id='word_1_160' title='bbox 1755 1234 2019 1279; x_wconf 87' lang='lat' dir='ltr'>Volneribus</span> <span class='ocrx_word' id='word_1_161' title='bbox 2054 1235 2231 1290; x_wconf 90' lang='lat' dir='ltr'>pulsum</span> <span class='ocrx_word' id='word_1_162' title='bbox 2268 1234 2533 1291; x_wconf 84' lang='lat' dir='ltr'>adspicies,“</span> 
     </span>
    </p>
   </div>
   <div class='ocr_carea' id='block_1_4' title="bbox 339 1301 2533 1696">
    <p class='ocr_par' dir='ltr' id='par_1_5' title="bbox 339 1301 2533 1696">
     <span class='ocr_line' id='line_1_15' title="bbox 344 1301 2533 1360; baseline -0.002 -12"><span class='ocrx_word' id='word_1_163' title='bbox 344 1319 433 1360; x_wconf 92' lang='lat' dir='ltr'>quo</span> <span class='ocrx_word' id='word_1_164' title='bbox 462 1302 510 1345; x_wconf 90' lang='lat' dir='ltr'>in</span> <span class='ocrx_word' id='word_1_165' title='bbox 545 1302 645 1345; x_wconf 91' lang='lat' dir='ltr'>loco</span> <span class='ocrx_word' id='word_1_166' title='bbox 674 1315 813 1357; x_wconf 90' lang='lat' dir='ltr'>quum</span> <span class='ocrx_word' id='word_1_167' title='bbox 841 1301 1022 1357; x_wconf 89' lang='lat' dir='ltr'>pulsum</span> <span class='ocrx_word' id='word_1_168' title='bbox 1050 1302 1197 1346; x_wconf 87' lang='lat' dir='ltr'>valeat</span> <span class='ocrx_word' id='word_1_169' title='bbox 1223 1317 1501 1359; x_wconf 86' lang='lat' dir='ltr'>percussum,</span> <span class='ocrx_word' id='word_1_170' title='bbox 1537 1304 1584 1346; x_wconf 90' lang='lat' dir='ltr'>in</span> <span class='ocrx_word' id='word_1_171' title='bbox 1614 1303 1731 1346; x_wconf 91' lang='lat' dir='ltr'>hunc</span> <span class='ocrx_word' id='word_1_172' title='bbox 1761 1301 1938 1345; x_wconf 89' lang='lat' dir='ltr'>modum</span> <span class='ocrx_word' id='word_1_173' title='bbox 1966 1302 2297 1358; x_wconf 81' lang='lat' dir='ltr'>explicaverim:</span> <span class='ocrx_word' id='word_1_174' title='bbox 2332 1301 2438 1345; x_wconf 86' lang='lat' dir='ltr'>Non</span> <span class='ocrx_word' id='word_1_175' title='bbox 2466 1302 2533 1345; x_wconf 80' lang='lat' dir='ltr'>vi-</span> 
     </span>
     <span class='ocr_line' id='line_1_16' title="bbox 343 1368 2531 1427; baseline -0.001 -12"><span class='ocrx_word' id='word_1_176' title='bbox 343 1371 489 1425; x_wconf 89' lang='lat' dir='ltr'>debis,</span> <span class='ocrx_word' id='word_1_177' title='bbox 519 1369 676 1412; x_wconf 83' lang='lat' dir='ltr'>volnus</span> <span class='ocrx_word' id='word_1_178' title='bbox 706 1368 826 1425; x_wconf 89' lang='lat' dir='ltr'>quod</span> <span class='ocrx_word' id='word_1_179' title='bbox 855 1375 1041 1412; x_wconf 86' lang='lat' dir='ltr'>mortem</span> <span class='ocrx_word' id='word_1_180' title='bbox 1071 1370 1113 1413; x_wconf 90' lang='lat' dir='ltr'>ei</span> <span class='ocrx_word' id='word_1_181' title='bbox 1141 1370 1292 1414; x_wconf 85' lang='lat' dir='ltr'>intulit</span> <span class='ocrx_word' id='word_1_182' title='bbox 1318 1371 1405 1414; x_wconf 86' lang='lat' dir='ltr'>tale</span> <span class='ocrx_word' id='word_1_183' title='bbox 1435 1372 1590 1425; x_wconf 85' lang='lat' dir='ltr'>fuisse,</span> <span class='ocrx_word' id='word_1_184' title='bbox 1627 1370 1758 1427; x_wconf 89' lang='lat' dir='ltr'>quale</span> <span class='ocrx_word' id='word_1_185' title='bbox 1795 1370 1944 1413; x_wconf 91' lang='lat' dir='ltr'>rubori</span> <span class='ocrx_word' id='word_1_186' title='bbox 1973 1370 2013 1412; x_wconf 89' lang='lat' dir='ltr'>ei</span> <span class='ocrx_word' id='word_1_187' title='bbox 2039 1370 2118 1423; x_wconf 90' lang='lat' dir='ltr'>sit,</span> <span class='ocrx_word' id='word_1_188' title='bbox 2154 1385 2268 1426; x_wconf 86' lang='lat' dir='ltr'>quae</span> <span class='ocrx_word' id='word_1_189' title='bbox 2298 1369 2531 1426; x_wconf 80' lang='lat' dir='ltr'>explicatio</span> 
     </span>
     <span class='ocr_line' id='line_1_17' title="bbox 342 1436 2530 1496; baseline -0.001 -13"><span class='ocrx_word' id='word_1_190' title='bbox 342 1439 492 1483; x_wconf 88' lang='lat' dir='ltr'>nescio</span> <span class='ocrx_word' id='word_1_191' title='bbox 523 1453 580 1480; x_wconf 88' lang='lat' dir='ltr'>an</span> <span class='ocrx_word' id='word_1_192' title='bbox 607 1436 899 1492; x_wconf 84' lang='lat' dir='ltr'>praeferenda</span> <span class='ocrx_word' id='word_1_193' title='bbox 926 1438 985 1481; x_wconf 88' lang='lat' dir='ltr'>sit</span> <span class='ocrx_word' id='word_1_194' title='bbox 1020 1438 1088 1480; x_wconf 91' lang='lat' dir='ltr'>illi</span> <span class='ocrx_word' id='word_1_195' title='bbox 1117 1453 1248 1494; x_wconf 88' lang='lat' dir='ltr'>quam</span> <span class='ocrx_word' id='word_1_196' title='bbox 1277 1440 1510 1496; x_wconf 81' lang='lat' dir='ltr'>proposuit</span> <span class='ocrx_word' id='word_1_197' title='bbox 1538 1439 1805 1482; x_wconf 83' lang='lat' dir='ltr'>Ladevicus:</span> <span class='ocrx_word' id='word_1_198' title='bbox 1841 1438 1903 1481; x_wconf 93' lang='lat' dir='ltr'>du</span> <span class='ocrx_word' id='word_1_199' title='bbox 1932 1439 2056 1481; x_wconf 86' lang='lat' dir='ltr'>wirst</span> <span class='ocrx_word' id='word_1_200' title='bbox 2083 1438 2206 1481; x_wconf 85' lang='lat' dir='ltr'>nicht</span> <span class='ocrx_word' id='word_1_201' title='bbox 2234 1438 2389 1492; x_wconf 86' lang='lat' dir='ltr'>seben,</span> <span class='ocrx_word' id='word_1_202' title='bbox 2427 1437 2530 1481; x_wconf 87' lang='lat' dir='ltr'>dass</span> 
     </span>
     <span class='ocr_line' id='line_1_18' title="bbox 341 1504 2531 1562; baseline -0.002 -11"><span class='ocrx_word' id='word_1_203' title='bbox 341 1523 392 1551; x_wconf 90' lang='lat' dir='ltr'>er</span> <span class='ocrx_word' id='word_1_204' title='bbox 421 1506 505 1548; x_wconf 86' lang='lat' dir='ltr'>auf</span> <span class='ocrx_word' id='word_1_205' title='bbox 528 1504 607 1547; x_wconf 87' lang='lat' dir='ltr'>der</span> <span class='ocrx_word' id='word_1_206' title='bbox 636 1504 801 1548; x_wconf 82' lang='lat' dir='ltr'>Flucht</span> <span class='ocrx_word' id='word_1_207' title='bbox 821 1504 1034 1548; x_wconf 84' lang='lat' dir='ltr'>Wunden</span> <span class='ocrx_word' id='word_1_208' title='bbox 1063 1506 1125 1549; x_wconf 89' lang='lat' dir='ltr'>im</span> <span class='ocrx_word' id='word_1_209' title='bbox 1143 1506 1328 1550; x_wconf 75' lang='lat' dir='ltr'>Rficken</span> <span class='ocrx_word' id='word_1_210' title='bbox 1357 1506 1557 1549; x_wconf 88' lang='lat' dir='ltr'>erhalten</span> <span class='ocrx_word' id='word_1_211' title='bbox 1587 1507 1675 1548; x_wconf 86' lang='lat' dir='ltr'>hat.</span> <span class='ocrx_word' id='word_1_212' title='bbox 1723 1505 1833 1560; x_wconf 77' lang='lat' dir='ltr'>VII,</span> <span class='ocrx_word' id='word_1_213' title='bbox 1852 1508 1955 1548; x_wconf 78' lang='lat'>757:</span> <span class='ocrx_word' id='word_1_214' title='bbox 1984 1505 2203 1560; x_wconf 88' lang='lat' dir='ltr'>„Umbro,</span> <span class='ocrx_word' id='word_1_215' title='bbox 2235 1504 2432 1561; x_wconf 91' lang='lat' dir='ltr'>Vipereo</span> <span class='ocrx_word' id='word_1_216' title='bbox 2453 1520 2531 1562; x_wconf 87' lang='lat' dir='ltr'>ge-</span> 
     </span>
     <span class='ocr_line' id='line_1_19' title="bbox 340 1571 2531 1631; baseline -0.001 -13"><span class='ocrx_word' id='word_1_217' title='bbox 340 1573 437 1618; x_wconf 84' lang='lat' dir='ltr'>neri</span> <span class='ocrx_word' id='word_1_218' title='bbox 471 1579 517 1616; x_wconf 89' lang='lat' dir='ltr'>et</span> <span class='ocrx_word' id='word_1_219' title='bbox 551 1571 747 1629; x_wconf 86' lang='lat' dir='ltr'>graviter</span> <span class='ocrx_word' id='word_1_220' title='bbox 779 1572 1052 1628; x_wconf 79' lang='lat' dir='ltr'>spirantibus</span> <span class='ocrx_word' id='word_1_221' title='bbox 1087 1573 1242 1630; x_wconf 85' lang='lat' dir='ltr'>hydris</span> <span class='ocrx_word' id='word_1_222' title='bbox 1269 1571 1490 1631; x_wconf 74' lang='lat' dir='ltr'>Spargere</span> <span class='ocrx_word' id='word_1_223' title='bbox 1527 1573 1605 1630; x_wconf 90' lang='lat' dir='ltr'>qui</span> <span class='ocrx_word' id='word_1_224' title='bbox 1641 1588 1818 1617; x_wconf 83' lang='lat' dir='ltr'>somnos</span> <span class='ocrx_word' id='word_1_225' title='bbox 1854 1580 2077 1628; x_wconf 78' lang='lat' dir='ltr'>cantuque</span> <span class='ocrx_word' id='word_1_226' title='bbox 2112 1586 2333 1628; x_wconf 88' lang='lat' dir='ltr'>manuque</span> <span class='ocrx_word' id='word_1_227' title='bbox 2361 1572 2531 1616; x_wconf 82' lang='lat' dir='ltr'>solebat</span> 
     </span>
     <span class='ocr_line' id='line_1_20' title="bbox 339 1638 2530 1696; baseline -0.001 -10"><span class='ocrx_word' id='word_1_228' title='bbox 339 1641 658 1696; x_wconf 80' lang='lat' dir='ltr'>Mulcebatque</span> <span class='ocrx_word' id='word_1_229' title='bbox 677 1638 763 1683; x_wconf 87' lang='lat' dir='ltr'>iras</span> <span class='ocrx_word' id='word_1_230' title='bbox 794 1644 838 1682; x_wconf 88' lang='lat' dir='ltr'>et</span> <span class='ocrx_word' id='word_1_231' title='bbox 864 1654 1037 1684; x_wconf 89' lang='lat' dir='ltr'>morsus</span> <span class='ocrx_word' id='word_1_232' title='bbox 1068 1648 1161 1685; x_wconf 87' lang='lat' dir='ltr'>arte</span> <span class='ocrx_word' id='word_1_233' title='bbox 1186 1640 1370 1685; x_wconf 81' lang='lat' dir='ltr'>levabat.</span> <span class='ocrx_word' id='word_1_234' title='bbox 1418 1639 1510 1685; x_wconf 89' lang='lat' dir='ltr'>Sed</span> <span class='ocrx_word' id='word_1_235' title='bbox 1540 1656 1627 1684; x_wconf 91' lang='lat' dir='ltr'>non</span> <span class='ocrx_word' id='word_1_236' title='bbox 1648 1639 1901 1683; x_wconf 84' lang='lat' dir='ltr'>Dardaniae</span> <span class='ocrx_word' id='word_1_237' title='bbox 1931 1640 2142 1683; x_wconf 82' lang='lat' dir='ltr'>medicari</span> <span class='ocrx_word' id='word_1_238' title='bbox 2171 1639 2365 1696; x_wconf 80' lang='lat' dir='ltr'>cuspidis</span> <span class='ocrx_word' id='word_1_239' title='bbox 2393 1640 2530 1683; x_wconf 89' lang='lat' dir='ltr'>ictum</span> 
     </span>
    </p>
   </div>
   <div class='ocr_carea' id='block_1_5' title="bbox 340 1705 2530 1809">
    <p class='ocr_par' dir='ltr' id='par_1_6' title="bbox 340 1705 2530 1809">
     <span class='ocr_line' id='line_1_21' title="bbox 340 1705 2530 1764; baseline -0 -12"><span class='ocrx_word' id='word_1_240' title='bbox 340 1708 536 1763; x_wconf 87' lang='lat' dir='ltr'>Evaluit,</span> <span class='ocrx_word' id='word_1_241' title='bbox 566 1721 708 1762; x_wconf 84' lang='lat' dir='ltr'>neque</span> <span class='ocrx_word' id='word_1_242' title='bbox 740 1721 841 1749; x_wconf 88' lang='lat' dir='ltr'>eum</span> <span class='ocrx_word' id='word_1_243' title='bbox 865 1707 1023 1764; x_wconf 86' lang='lat' dir='ltr'>juvere</span> <span class='ocrx_word' id='word_1_244' title='bbox 1054 1708 1101 1751; x_wconf 91' lang='lat' dir='ltr'>in</span> <span class='ocrx_word' id='word_1_245' title='bbox 1129 1708 1310 1752; x_wconf 86' lang='lat' dir='ltr'>volnera</span> <span class='ocrx_word' id='word_1_246' title='bbox 1338 1715 1495 1753; x_wconf 89' lang='lat' dir='ltr'>cantus</span> <span class='ocrx_word' id='word_1_247' title='bbox 1521 1706 1756 1752; x_wconf 84' lang='lat' dir='ltr'>Somniferi</span> <span class='ocrx_word' id='word_1_248' title='bbox 1786 1713 1831 1751; x_wconf 89' lang='lat' dir='ltr'>et</span> <span class='ocrx_word' id='word_1_249' title='bbox 1857 1707 2022 1751; x_wconf 84' lang='lat' dir='ltr'>Marsis</span> <span class='ocrx_word' id='word_1_250' title='bbox 2056 1707 2279 1763; x_wconf 85' lang='lat' dir='ltr'>quaesitae</span> <span class='ocrx_word' id='word_1_251' title='bbox 2306 1705 2530 1751; x_wconf 86' lang='lat' dir='ltr'>montibus</span> 
     </span>
     <span class='ocr_line' id='line_1_22' title="bbox 2274 1774 2343 1809; baseline 0.014 -1"><span class='ocrx_word' id='word_1_252' title='bbox 2274 1774 2343 1809; x_wconf 81' lang='lat' dir='ltr'>AD</span> 
     </span>
    </p>
   </div>
   <div class='ocr_carea' id='block_1_6' title="bbox 337 1817 2530 1879">
    <p class='ocr_par' dir='ltr' id='par_1_7' title="bbox 337 1817 2530 1879">
     <span class='ocr_line' id='line_1_23' title="bbox 337 1817 2530 1879; baseline -0 -17"><span class='ocrx_word' id='word_1_253' title='bbox 337 1820 547 1862; x_wconf 85' lang='lat' dir='ltr'>herbae.“</span> <span class='ocrx_word' id='word_1_254' title='bbox 603 1819 849 1861; x_wconf 81' lang='lat' dir='ltr'>Dubitatur</span> <span class='ocrx_word' id='word_1_255' title='bbox 883 1818 939 1862; x_wconf 87' lang='lat' dir='ltr'>de</span> <span class='ocrx_word' id='word_1_256' title='bbox 974 1819 1186 1876; x_wconf 84' lang='lat' dir='ltr'>lectione,</span> <span class='ocrx_word' id='word_1_257' title='bbox 1222 1821 1328 1878; x_wconf 84' lang='lat' dir='ltr'>quia</span> <span class='ocrx_word' id='word_1_258' title='bbox 1362 1821 1406 1864; x_wconf 89' lang='lat' dir='ltr'>R</span> <span class='ocrx_word' id='word_1_259' title='bbox 1432 1823 1482 1862; x_wconf 89' lang='lat' dir='ltr'>cl</span> <span class='ocrx_word' id='word_1_260' title='bbox 1519 1820 1730 1879; x_wconf 84' lang='lat' dir='ltr'>praebent</span> <span class='ocrx_word' id='word_1_261' title='bbox 1764 1820 1962 1873; x_wconf 88' lang='lat' dir='ltr'>vulnere,</span> <span class='ocrx_word' id='word_1_262' title='bbox 2003 1818 2056 1860; x_wconf 90' lang='lat' dir='ltr'>M</span> <span class='ocrx_word' id='word_1_263' title='bbox 2088 1824 2235 1860; x_wconf 86' lang='lat' dir='ltr'>autem</span> <span class='ocrx_word' id='word_1_264' title='bbox 2269 1819 2337 1861; x_wconf 90' lang='lat' dir='ltr'>IN</span> <span class='ocrx_word' id='word_1_265' title='bbox 2374 1817 2530 1861; x_wconf 88' lang='lat' dir='ltr'><strong>UOL-</strong></span> 
     </span>
    </p>
   </div>
   <div class='ocr_carea' id='block_1_7' title="bbox 337 1889 2530 1993">
    <p class='ocr_par' dir='ltr' id='par_1_8' title="bbox 337 1889 2530 1993">
     <span class='ocr_line' id='line_1_24' title="bbox 337 1889 2530 1993; baseline -0.001 -14"><span class='ocrx_word' id='word_1_266' title='bbox 337 1889 531 1986; x_wconf 57' lang='grc' dir='ltr'><strong>ΝΕΒΕ,</strong></span> <span class='ocrx_word' id='word_1_267' title='bbox 568 1931 693 1987; x_wconf 90' lang='lat' dir='ltr'>quod</span> <span class='ocrx_word' id='word_1_268' title='bbox 731 1938 995 1988; x_wconf 85' lang='lat' dir='ltr'>receperunt</span> <span class='ocrx_word' id='word_1_269' title='bbox 1031 1933 1255 1991; x_wconf 86' lang='lat' dir='ltr'>Hauptius</span> <span class='ocrx_word' id='word_1_270' title='bbox 1292 1940 1338 1978; x_wconf 87' lang='lat' dir='ltr'>et</span> <span class='ocrx_word' id='word_1_271' title='bbox 1373 1933 1638 1989; x_wconf 84' lang='lat' dir='ltr'>Ladevicus,</span> <span class='ocrx_word' id='word_1_272' title='bbox 1683 1932 2008 1993; x_wconf 85' lang='lat' dir='ltr'>commendavit</span> <span class='ocrx_word' id='word_1_273' title='bbox 2040 1931 2366 1989; x_wconf 60' lang='lat' dir='ltr'>Peerlkampu&#39;s.</span> <span class='ocrx_word' id='word_1_274' title='bbox 2431 1931 2530 1976; x_wconf 88' lang='lat' dir='ltr'>Nec</span> 
     </span>
    </p>
   </div>
   <div class='ocr_carea' id='block_1_8' title="bbox 335 1998 2528 2871">
    <p class='ocr_par' dir='ltr' id='par_1_9' title="bbox 335 1998 2528 2871">
     <span class='ocr_line' id='line_1_25' title="bbox 337 1998 2528 2060; baseline -0 -15"><span class='ocrx_word' id='word_1_275' title='bbox 337 2001 500 2059; x_wconf 85' lang='lat' dir='ltr'>injuria</span> <span class='ocrx_word' id='word_1_276' title='bbox 542 1999 634 2043; x_wconf 82' lang='lat' dir='ltr'>hic:</span> <span class='ocrx_word' id='word_1_277' title='bbox 676 2000 821 2057; x_wconf 75' lang='lat' dir='ltr'>„juvit</span> <span class='ocrx_word' id='word_1_278' title='bbox 863 1999 908 2043; x_wconf 88' lang='lat' dir='ltr'>in</span> <span class='ocrx_word' id='word_1_279' title='bbox 955 2000 1190 2056; x_wconf 85' lang='lat' dir='ltr'>volnera‚“</span> <span class='ocrx_word' id='word_1_280' title='bbox 1232 2001 1397 2059; x_wconf 84' lang='lat' dir='ltr'>inquit,</span> <span class='ocrx_word' id='word_1_281' title='bbox 1435 2003 1600 2060; x_wconf 82' lang='lat' dir='ltr'>„vulgo</span> <span class='ocrx_word' id='word_1_282' title='bbox 1642 2002 1877 2060; x_wconf 85' lang='lat' dir='ltr'>significat:</span> <span class='ocrx_word' id='word_1_283' title='bbox 1919 2000 1977 2045; x_wconf 88' lang='lat' dir='ltr'>ad</span> <span class='ocrx_word' id='word_1_284' title='bbox 2019 2000 2205 2043; x_wconf 83' lang='lat' dir='ltr'>vulnera</span> <span class='ocrx_word' id='word_1_285' title='bbox 2247 1999 2373 2043; x_wconf 86' lang='lat' dir='ltr'>alteri</span> <span class='ocrx_word' id='word_1_286' title='bbox 2412 1998 2528 2044; x_wconf 85' lang='lat' dir='ltr'>infli-</span> 
     </span>
     <span class='ocr_line' id='line_1_26' title="bbox 339 2067 2528 2128; baseline -0.001 -15"><span class='ocrx_word' id='word_1_287' title='bbox 339 2068 484 2128; x_wconf 79' lang='lat' dir='ltr'>genda</span> <span class='ocrx_word' id='word_1_288' title='bbox 511 2068 581 2112; x_wconf 84' lang='lat' dir='ltr'>vel</span> <span class='ocrx_word' id='word_1_289' title='bbox 610 2068 696 2125; x_wconf 90' lang='lat' dir='ltr'>ipsi</span> <span class='ocrx_word' id='word_1_290' title='bbox 726 2067 996 2124; x_wconf 85' lang='lat' dir='ltr'>accipienda.</span> <span class='ocrx_word' id='word_1_291' title='bbox 1048 2069 1160 2124; x_wconf 85' lang='lat' dir='ltr'>„In“</span> <span class='ocrx_word' id='word_1_292' title='bbox 1189 2083 1290 2114; x_wconf 90' lang='lat' dir='ltr'>cum</span> <span class='ocrx_word' id='word_1_293' title='bbox 1321 2071 1572 2115; x_wconf 87' lang='lat' dir='ltr'>accusativo</span> <span class='ocrx_word' id='word_1_294' title='bbox 1600 2070 1834 2115; x_wconf 87' lang='lat' dir='ltr'>consilium</span> <span class='ocrx_word' id='word_1_295' title='bbox 1864 2069 2034 2113; x_wconf 88' lang='lat' dir='ltr'>indicat</span> <span class='ocrx_word' id='word_1_296' title='bbox 2061 2068 2140 2121; x_wconf 88' lang='lat' dir='ltr'>rei,</span> <span class='ocrx_word' id='word_1_297' title='bbox 2171 2081 2282 2123; x_wconf 90' lang='lat' dir='ltr'>quae</span> <span class='ocrx_word' id='word_1_298' title='bbox 2310 2067 2528 2124; x_wconf 86' lang='lat' dir='ltr'>adiicitur,</span> 
     </span>
     <span class='ocr_line' id='line_1_27' title="bbox 336 2133 2527 2199; baseline -0.001 -18"><span class='ocrx_word' id='word_1_299' title='bbox 336 2136 608 2181; x_wconf 85' lang='lat' dir='ltr'>faciendae.“</span> <span class='ocrx_word' id='word_1_300' title='bbox 667 2134 815 2190; x_wconf 79' lang='lat' dir='ltr'>Quam</span> <span class='ocrx_word' id='word_1_301' title='bbox 844 2136 1105 2180; x_wconf 80' lang='lat' dir='ltr'>sententiam</span> <span class='ocrx_word' id='word_1_302' title='bbox 1136 2143 1314 2194; x_wconf 86' lang='lat' dir='ltr'>praeter</span> <span class='ocrx_word' id='word_1_303' title='bbox 1342 2152 1418 2199; x_wconf 82' lang='lat' dir='ltr'>eos</span> <span class='ocrx_word' id='word_1_304' title='bbox 1449 2152 1558 2195; x_wconf 91' lang='lat' dir='ltr'>quos</span> <span class='ocrx_word' id='word_1_305' title='bbox 1586 2139 1734 2182; x_wconf 87' lang='lat' dir='ltr'>attulit</span> <span class='ocrx_word' id='word_1_306' title='bbox 1762 2138 1884 2182; x_wconf 90' lang='lat' dir='ltr'>locos</span> <span class='ocrx_word' id='word_1_307' title='bbox 1913 2136 2072 2194; x_wconf 85' lang='lat' dir='ltr'>probat</span> <span class='ocrx_word' id='word_1_308' title='bbox 2101 2135 2229 2178; x_wconf 88' lang='lat' dir='ltr'>etiam</span> <span class='ocrx_word' id='word_1_309' title='bbox 2261 2134 2386 2179; x_wconf 87' lang='lat' dir='ltr'>locus</span> <span class='ocrx_word' id='word_1_310' title='bbox 2417 2133 2527 2179; x_wconf 81' lang='lat' dir='ltr'>Ovi-</span> 
     </span>
     <span class='ocr_line' id='line_1_28' title="bbox 336 2203 2527 2262; baseline 0 -15"><span class='ocrx_word' id='word_1_311' title='bbox 336 2206 498 2247; x_wconf 85' lang='lat' dir='ltr'>dianus</span> <span class='ocrx_word' id='word_1_312' title='bbox 533 2218 669 2260; x_wconf 89' lang='lat' dir='ltr'>supra</span> <span class='ocrx_word' id='word_1_313' title='bbox 704 2204 934 2247; x_wconf 86' lang='lat' dir='ltr'>excitatus.</span> <span class='ocrx_word' id='word_1_314' title='bbox 994 2204 1091 2248; x_wconf 91' lang='lat' dir='ltr'>Nec</span> <span class='ocrx_word' id='word_1_315' title='bbox 1126 2210 1270 2248; x_wconf 87' lang='lat' dir='ltr'>tamen</span> <span class='ocrx_word' id='word_1_316' title='bbox 1307 2205 1410 2248; x_wconf 89' lang='lat' dir='ltr'>ideo</span> <span class='ocrx_word' id='word_1_317' title='bbox 1443 2207 1676 2262; x_wconf 90' lang='lat' dir='ltr'>quisquam</span> <span class='ocrx_word' id='word_1_318' title='bbox 1713 2206 1910 2262; x_wconf 82' lang='lat' dir='ltr'>negabit,</span> <span class='ocrx_word' id='word_1_319' title='bbox 1946 2210 2097 2247; x_wconf 90' lang='lat' dir='ltr'>nostro</span> <span class='ocrx_word' id='word_1_320' title='bbox 2130 2204 2229 2245; x_wconf 89' lang='lat' dir='ltr'>loco</span> <span class='ocrx_word' id='word_1_321' title='bbox 2258 2203 2365 2257; x_wconf 85' lang='lat' dir='ltr'>„in“</span> <span class='ocrx_word' id='word_1_322' title='bbox 2394 2217 2527 2259; x_wconf 89' lang='lat' dir='ltr'>posse</span> 
     </span>
     <span class='ocr_line' id='line_1_29' title="bbox 336 2270 2528 2330; baseline -0.001 -15"><span class='ocrx_word' id='word_1_323' title='bbox 336 2272 534 2315; x_wconf 90' lang='lat' dir='ltr'>indicare</span> <span class='ocrx_word' id='word_1_324' title='bbox 563 2271 694 2315; x_wconf 85' lang='lat' dir='ltr'>etiam</span> <span class='ocrx_word' id='word_1_325' title='bbox 724 2277 970 2327; x_wconf 87' lang='lat' dir='ltr'>respectum</span> <span class='ocrx_word' id='word_1_326' title='bbox 999 2270 1125 2328; x_wconf 83' lang='lat' dir='ltr'>(Tac.</span> <span class='ocrx_word' id='word_1_327' title='bbox 1145 2287 1242 2315; x_wconf 91' lang='lat' dir='ltr'>ann.</span> <span class='ocrx_word' id='word_1_328' title='bbox 1264 2272 1328 2328; x_wconf 87' lang='lat' dir='ltr'>Il,</span> <span class='ocrx_word' id='word_1_329' title='bbox 1350 2275 1424 2317; x_wconf 72' lang='lat'>59:</span> <span class='ocrx_word' id='word_1_330' title='bbox 1454 2274 1617 2316; x_wconf 86' lang='lat' dir='ltr'>levavit</span> <span class='ocrx_word' id='word_1_331' title='bbox 1646 2273 1812 2330; x_wconf 86' lang='lat' dir='ltr'>apertis</span> <span class='ocrx_word' id='word_1_332' title='bbox 1841 2272 2012 2315; x_wconf 87' lang='lat' dir='ltr'>horreis</span> <span class='ocrx_word' id='word_1_333' title='bbox 2040 2271 2182 2327; x_wconf 87' lang='lat' dir='ltr'>pretia</span> <span class='ocrx_word' id='word_1_334' title='bbox 2208 2270 2385 2328; x_wconf 79' lang='lat' dir='ltr'>frugum</span> <span class='ocrx_word' id='word_1_335' title='bbox 2415 2271 2528 2314; x_wconf 89' lang='lat' dir='ltr'>mul-</span> 
     </span>
     <span class='ocr_line' id='line_1_30' title="bbox 336 2338 2528 2397; baseline -0.001 -15"><span class='ocrx_word' id='word_1_336' title='bbox 336 2347 472 2396; x_wconf 85' lang='lat' dir='ltr'>taque</span> <span class='ocrx_word' id='word_1_337' title='bbox 502 2344 632 2396; x_wconf 83' lang='lat' dir='ltr'>grata</span> <span class='ocrx_word' id='word_1_338' title='bbox 661 2338 707 2380; x_wconf 87' lang='lat' dir='ltr'>in</span> <span class='ocrx_word' id='word_1_339' title='bbox 734 2338 894 2395; x_wconf 86' lang='lat' dir='ltr'>vulgus</span> <span class='ocrx_word' id='word_1_340' title='bbox 923 2340 1198 2397; x_wconf 84' lang='lat' dir='ltr'>usurpavit),</span> <span class='ocrx_word' id='word_1_341' title='bbox 1235 2339 1299 2383; x_wconf 89' lang='lat' dir='ltr'>ita</span> <span class='ocrx_word' id='word_1_342' title='bbox 1327 2347 1378 2383; x_wconf 89' lang='lat' dir='ltr'>ut</span> <span class='ocrx_word' id='word_1_343' title='bbox 1405 2341 1587 2383; x_wconf 88' lang='lat' dir='ltr'>volnera</span> <span class='ocrx_word' id='word_1_344' title='bbox 1616 2340 1904 2394; x_wconf 81' lang='lat' dir='ltr'>vocabulum,</span> <span class='ocrx_word' id='word_1_345' title='bbox 1940 2338 2060 2395; x_wconf 90' lang='lat' dir='ltr'>quod</span> <span class='ocrx_word' id='word_1_346' title='bbox 2092 2338 2377 2394; x_wconf 88' lang='lat' dir='ltr'>plurimorum</span> <span class='ocrx_word' id='word_1_347' title='bbox 2407 2338 2528 2381; x_wconf 91' lang='lat' dir='ltr'>codi-</span> 
     </span>
     <span class='ocr_line' id='line_1_31' title="bbox 336 2404 2527 2462; baseline -0 -11"><span class='ocrx_word' id='word_1_348' title='bbox 336 2422 439 2451; x_wconf 90' lang='lat' dir='ltr'>cum</span> <span class='ocrx_word' id='word_1_349' title='bbox 467 2404 732 2450; x_wconf 86' lang='lat' dir='ltr'>auctoritate</span> <span class='ocrx_word' id='word_1_350' title='bbox 760 2405 1065 2460; x_wconf 85' lang='lat' dir='ltr'>confirmatur,</span> <span class='ocrx_word' id='word_1_351' title='bbox 1101 2406 1178 2450; x_wconf 83' lang='lat' dir='ltr'>vix</span> <span class='ocrx_word' id='word_1_352' title='bbox 1207 2407 1466 2451; x_wconf 90' lang='lat' dir='ltr'>mutandum</span> <span class='ocrx_word' id='word_1_353' title='bbox 1495 2407 1565 2452; x_wconf 87' lang='lat' dir='ltr'>sit.</span> <span class='ocrx_word' id='word_1_354' title='bbox 1625 2407 1813 2452; x_wconf 86' lang='lat' dir='ltr'>Sensum</span> <span class='ocrx_word' id='word_1_355' title='bbox 1840 2421 1946 2451; x_wconf 88' lang='lat' dir='ltr'>vero</span> <span class='ocrx_word' id='word_1_356' title='bbox 1981 2405 2169 2462; x_wconf 86' lang='lat' dir='ltr'>accipias</span> <span class='ocrx_word' id='word_1_357' title='bbox 2198 2404 2333 2448; x_wconf 85' lang='lat' dir='ltr'>hunc:</span> <span class='ocrx_word' id='word_1_358' title='bbox 2370 2411 2527 2450; x_wconf 89' lang='lat' dir='ltr'>cantus</span> 
     </span>
     <span class='ocr_line' id='line_1_32' title="bbox 335 2472 2528 2536; baseline -0.002 -17"><span class='ocrx_word' id='word_1_359' title='bbox 335 2474 561 2519; x_wconf 83' lang='lat' dir='ltr'>somniferi</span> <span class='ocrx_word' id='word_1_360' title='bbox 589 2488 679 2517; x_wconf 91' lang='lat' dir='ltr'>non</span> <span class='ocrx_word' id='word_1_361' title='bbox 707 2488 807 2517; x_wconf 90' lang='lat' dir='ltr'>eum</span> <span class='ocrx_word' id='word_1_362' title='bbox 830 2475 982 2529; x_wconf 85' lang='lat' dir='ltr'>juvere</span> <span class='ocrx_word' id='word_1_363' title='bbox 1009 2474 1067 2517; x_wconf 90' lang='lat' dir='ltr'>ad</span> <span class='ocrx_word' id='word_1_364' title='bbox 1097 2474 1401 2531; x_wconf 86' lang='lat' dir='ltr'>depellendam</span> <span class='ocrx_word' id='word_1_365' title='bbox 1430 2482 1638 2530; x_wconf 86' lang='lat' dir='ltr'>mortem,</span> <span class='ocrx_word' id='word_1_366' title='bbox 1666 2490 1778 2531; x_wconf 90' lang='lat' dir='ltr'>quae</span> <span class='ocrx_word' id='word_1_367' title='bbox 1807 2475 1965 2518; x_wconf 90' lang='lat' dir='ltr'>volnus</span> <span class='ocrx_word' id='word_1_368' title='bbox 1996 2473 2180 2530; x_wconf 88' lang='lat' dir='ltr'>cuspide</span> <span class='ocrx_word' id='word_1_369' title='bbox 2208 2472 2437 2536; x_wconf 83' lang='lat' dir='ltr'>Dardania</span> <span class='ocrx_word' id='word_1_370' title='bbox 2460 2473 2528 2516; x_wconf 88' lang='lat' dir='ltr'>in·</span> 
     </span>
     <span class='ocr_line' id='line_1_33' title="bbox 336 2537 2527 2601; baseline -0.001 -15"><span class='ocrx_word' id='word_1_371' title='bbox 336 2542 507 2586; x_wconf 83' lang='lat' dir='ltr'>flictum</span> <span class='ocrx_word' id='word_1_372' title='bbox 527 2540 890 2597; x_wconf 85' lang='lat' dir='ltr'>consequebatur.</span> <span class='ocrx_word' id='word_1_373' title='bbox 907 2568 963 2575; x_wconf 94' lang='lat'>—</span> <span class='ocrx_word' id='word_1_374' title='bbox 976 2541 1073 2585; x_wconf 88' lang='lat' dir='ltr'>Nec</span> <span class='ocrx_word' id='word_1_375' title='bbox 1092 2556 1201 2586; x_wconf 80' lang='lat' dir='ltr'>vero</span> <span class='ocrx_word' id='word_1_376' title='bbox 1222 2557 1397 2601; x_wconf 87' lang='lat' dir='ltr'>semper</span> <span class='ocrx_word' id='word_1_377' title='bbox 1416 2543 1552 2587; x_wconf 87' lang='lat' dir='ltr'>lateat</span> <span class='ocrx_word' id='word_1_378' title='bbox 1571 2542 1617 2586; x_wconf 85' lang='lat' dir='ltr'>in‘</span> <span class='ocrx_word' id='word_1_379' title='bbox 1638 2541 1889 2586; x_wconf 86' lang='lat' dir='ltr'>volneribus</span> <span class='ocrx_word' id='word_1_380' title='bbox 1910 2541 2031 2585; x_wconf 88' lang='lat' dir='ltr'>notio</span> <span class='ocrx_word' id='word_1_381' title='bbox 2052 2541 2206 2586; x_wconf 85' lang='lat' dir='ltr'>mortis</span> <span class='ocrx_word' id='word_1_382' title='bbox 2229 2545 2417 2597; x_wconf 87' lang='lat' dir='ltr'>oportet,</span> <span class='ocrx_word' id='word_1_383' title='bbox 2446 2537 2527 2584; x_wconf 85' lang='lat' dir='ltr'>sed</span> 
     </span>
     <span class='ocr_line' id='line_1_34' title="bbox 337 2607 2527 2670; baseline -0.001 -16"><span class='ocrx_word' id='word_1_384' title='bbox 337 2609 588 2668; x_wconf 85' lang='lat' dir='ltr'>significare</span> <span class='ocrx_word' id='word_1_385' title='bbox 627 2614 776 2666; x_wconf 85' lang='lat' dir='ltr'>potest</span> <span class='ocrx_word' id='word_1_386' title='bbox 803 2624 1012 2654; x_wconf 87' lang='lat' dir='ltr'>numerus</span> <span class='ocrx_word' id='word_1_387' title='bbox 1042 2609 1170 2654; x_wconf 84' lang='lat' dir='ltr'>etiam</span> <span class='ocrx_word' id='word_1_388' title='bbox 1208 2626 1345 2670; x_wconf 84' lang='lat' dir='ltr'>grave</span> <span class='ocrx_word' id='word_1_389' title='bbox 1373 2611 1757 2668; x_wconf 86' lang='lat' dir='ltr'>periculosumque</span> <span class='ocrx_word' id='word_1_390' title='bbox 1785 2610 1959 2653; x_wconf 79' lang='lat' dir='ltr'>volnus.</span> <span class='ocrx_word' id='word_1_391' title='bbox 2019 2610 2076 2653; x_wconf 90' lang='lat' dir='ltr'>A.</span> <span class='ocrx_word' id='word_1_392' title='bbox 2100 2609 2163 2664; x_wconf 84' lang='lat' dir='ltr'>X,</span> <span class='ocrx_word' id='word_1_393' title='bbox 2184 2608 2287 2652; x_wconf 79' lang='lat'>834:</span> <span class='ocrx_word' id='word_1_394' title='bbox 2318 2607 2527 2665; x_wconf 87' lang='lat' dir='ltr'>„Interea</span> 
     </span>
     <span class='ocr_line' id='line_1_35' title="bbox 335 2676 2525 2736; baseline 0 -16"><span class='ocrx_word' id='word_1_395' title='bbox 335 2678 509 2736; x_wconf 83' lang='lat' dir='ltr'>genitor</span> <span class='ocrx_word' id='word_1_396' title='bbox 535 2676 733 2720; x_wconf 85' lang='lat' dir='ltr'>Tiberini</span> <span class='ocrx_word' id='word_1_397' title='bbox 762 2677 820 2720; x_wconf 91' lang='lat' dir='ltr'>ad</span> <span class='ocrx_word' id='word_1_398' title='bbox 847 2677 1041 2722; x_wconf 83' lang='lat' dir='ltr'>fluminis</span> <span class='ocrx_word' id='word_1_399' title='bbox 1069 2678 1233 2722; x_wconf 87' lang='lat' dir='ltr'>undam</span> <span class='ocrx_word' id='word_1_400' title='bbox 1263 2678 1459 2723; x_wconf 87' lang='lat' dir='ltr'>Volnera</span> <span class='ocrx_word' id='word_1_401' title='bbox 1486 2679 1676 2723; x_wconf 85' lang='lat' dir='ltr'>siccabat</span> <span class='ocrx_word' id='word_1_402' title='bbox 1702 2677 1908 2736; x_wconf 88' lang='lat' dir='ltr'>lymphis.</span> <span class='ocrx_word' id='word_1_403' title='bbox 1910 2681 1939 2705; x_wconf 74' lang='lat'>‘⁶</span> <span class='ocrx_word' id='word_1_404' title='bbox 1987 2678 2091 2721; x_wconf 81' lang='lat'><strong>848·</strong></span> <span class='ocrx_word' id='word_1_405' title='bbox 2120 2683 2280 2732; x_wconf 87' lang='lat' dir='ltr'>„tuane</span> <span class='ocrx_word' id='word_1_406' title='bbox 2309 2676 2417 2720; x_wconf 87' lang='lat' dir='ltr'>haec</span> <span class='ocrx_word' id='word_1_407' title='bbox 2445 2691 2525 2735; x_wconf 85' lang='lat' dir='ltr'>ge-</span> 
     </span>
     <span class='ocr_line' id='line_1_36' title="bbox 335 2744 2527 2805; baseline -0.001 -16"><span class='ocrx_word' id='word_1_408' title='bbox 335 2746 456 2789; x_wconf 89' lang='lat' dir='ltr'>nitor</span> <span class='ocrx_word' id='word_1_409' title='bbox 483 2759 567 2802; x_wconf 87' lang='lat' dir='ltr'>per</span> <span class='ocrx_word' id='word_1_410' title='bbox 592 2744 773 2787; x_wconf 84' lang='lat' dir='ltr'>volnera</span> <span class='ocrx_word' id='word_1_411' title='bbox 801 2745 1011 2789; x_wconf 76' lang='lat' dir='ltr'>servor?“</span> <span class='ocrx_word' id='word_1_412' title='bbox 1034 2747 1096 2802; x_wconf 86' lang='lat' dir='ltr'>(v.</span> <span class='ocrx_word' id='word_1_413' title='bbox 1116 2746 1221 2790; x_wconf 76' lang='lat'>842.</span> <span class='ocrx_word' id='word_1_414' title='bbox 1244 2747 1411 2805; x_wconf 84' lang='lat' dir='ltr'>ingenti</span> <span class='ocrx_word' id='word_1_415' title='bbox 1439 2747 1646 2805; x_wconf 82' lang='lat' dir='ltr'>volnere).</span> <span class='ocrx_word' id='word_1_416' title='bbox 1695 2744 1781 2790; x_wconf 87' lang='lat' dir='ltr'>Ov.</span> <span class='ocrx_word' id='word_1_417' title='bbox 1797 2745 1910 2789; x_wconf 87' lang='lat' dir='ltr'>Met.</span> <span class='ocrx_word' id='word_1_418' title='bbox 1926 2744 1992 2800; x_wconf 89' lang='lat'>11,</span> <span class='ocrx_word' id='word_1_419' title='bbox 2011 2746 2109 2788; x_wconf 89' lang='grc'><strong>199·</strong></span> <span class='ocrx_word' id='word_1_420' title='bbox 2140 2744 2309 2801; x_wconf 86' lang='lat' dir='ltr'>„Hunc</span> <span class='ocrx_word' id='word_1_421' title='bbox 2335 2758 2448 2800; x_wconf 85' lang='lat' dir='ltr'>puer</span> <span class='ocrx_word' id='word_1_422' title='bbox 2475 2751 2527 2788; x_wconf 90' lang='lat' dir='ltr'>ut</span> 
     </span>
     <span class='ocr_line' id='line_1_37' title="bbox 336 2810 2397 2871; baseline 0 -15"><span class='ocrx_word' id='word_1_423' title='bbox 336 2812 455 2871; x_wconf 88' lang='lat' dir='ltr'>nigri</span> <span class='ocrx_word' id='word_1_424' title='bbox 482 2810 710 2857; x_wconf 88' lang='lat' dir='ltr'>madidum</span> <span class='ocrx_word' id='word_1_425' title='bbox 740 2811 904 2856; x_wconf 89' lang='lat' dir='ltr'>sudore</span> <span class='ocrx_word' id='word_1_426' title='bbox 931 2814 1087 2858; x_wconf 81' lang='lat' dir='ltr'>veneni</span> <span class='ocrx_word' id='word_1_427' title='bbox 1114 2811 1315 2859; x_wconf 85' lang='lat' dir='ltr'>Vulnera</span> <span class='ocrx_word' id='word_1_428' title='bbox 1339 2820 1518 2860; x_wconf 87' lang='lat' dir='ltr'>curvata</span> <span class='ocrx_word' id='word_1_429' title='bbox 1545 2815 1821 2858; x_wconf 88' lang='lat' dir='ltr'>minitantem</span> <span class='ocrx_word' id='word_1_430' title='bbox 1850 2812 2033 2871; x_wconf 86' lang='lat' dir='ltr'>cuspide</span> <span class='ocrx_word' id='word_1_431' title='bbox 2061 2812 2202 2857; x_wconf 85' lang='lat' dir='ltr'>vidit“</span> <span class='ocrx_word' id='word_1_432' title='bbox 2230 2818 2313 2857; x_wconf 87' lang='lat' dir='ltr'>cet.</span> <span class='ocrx_word' id='word_1_433' title='bbox 2339 2838 2397 2846; x_wconf 93' lang='lat'>—</span> 
     </span>
    </p>
   </div>
   <div class='ocr_carea' id='block_1_9' title="bbox 2696 0 2952 170">
    <p class='ocr_par' dir='ltr' id='par_1_10' title="bbox 2696 0 2952 170">
     <span class='ocr_line' id='line_1_38' title="bbox 2696 0 2952 170; baseline 0 3607"><span class='ocrx_word' id='word_1_434' title='bbox 2696 0 2952 170; x_wconf 95' lang='lat' dir='ltr'> </span> 
     </span>
    </p>
   </div>
  </div>
 </body>
</html>
