2952 3777
404 329 488 373 pro
524 327 615 370 quo
656 321 952 376 exspectares:
989 314 1188 370 jacentes
1223 313 1295 372 vel
1311 313 1421 370 tale
1453 313 1578 371 quid.
1642 313 1782 358 Immo
1815 320 1861 359 et
1896 327 2049 359 sensus
2088 321 2135 358 et
2168 316 2454 378 enuntiatum³
2478 319 2602 381 ,quod

401 379 639 439 antecedit,
669 378 948 441 cui‘adjeeta‘
963 377 1031 422 est
1058 377 1454 440 sententionos'tra
1479 378 1731 435 illustrandi
1758 379 1851 425 fere
1870 395 2036 443 caussa!
2055 395 2201 439 neque
2229 381 2334 424 novi
2363 377 2603 442 quicqtiain

404 448 544 504 addit,
572 452 765 505 poscunt
787 439 1028 494 ablativum
1057 459 1192 502 quem
1225 434 1393 495 &eunt
1404 441 1807 504 instrumentalem,
1843 454 1890 493 et
1915 462 2017 492 eum
2049 449 2128 506 qui
2162 439 2602 506 roepondeat'und'is.

402 517 451 563 Is
478 531 586 560 vero
616 519 701 559 est:
737 527 938 570 aequore.
994 509 1134 569 Quod
1167 509 1427 574 quum³²jnm
1454 512 1625 560 Seneca
1661 513 1886 572 exhibeat,
1921 523 2068 560 tamen
2103 531 2204 561 cum
2239 515 2372 560 ceteri
2402 515 2599 563 editores

403 592 501 629 tum
529 579 805 626 Ribbeckius
833 579 1099 639 (prolegom.
1115 581 1222 640 202)
1245 581 1421 644 injuria,
1448 588 1500 626 ut
1527 580 1718 636 videtur,
1747 581 1935 627 aversati
1961 590 2079 628 sunt.
2137 581 2318 641 Neque,
2347 589 2399 626 ut
2425 584 2599 641 opinor,

399 653 448 696 in
475 664 527 694 ea
545 663 594 693 re
622 647 861 706 quisquam
877 647 1092 704 haerebit,
1121 644 1509 706 quod‚'quomodo
1528 647 1688 693 ductus
1707 648 1837 707 hujus
1865 649 2066 694 vocabuli
2093 650 2141 693 in
2160 644 2441 694 vocabulum:
2469 650 2600 698 litore

400 716 634 777 depravari
666 709 916 774 potuerint,
951 715 1178 762 difficilius
1210 715 1492 777 intellegitur.
1546 715 1752 774 Namque
1792 716 1839 762 id
1875 732 1932 763 ne
1970 717 2264 763 necessarium
2301 716 2479 775 quidem
2516 724 2599 776 est,

402 789 509 850 quia
538 785 792 843 saepissime
821 784 866 827 in
896 783 1021 829 libris
1050 800 1181 829 manu
1208 784 1384 843 scriptis
1404 801 1578 831 errores
1606 786 1711 830 inde
1740 787 1832 830 nati
1860 792 1974 841 sunt,
2003 785 2124 848 quod
2153 786 2320 830 librarii
2339 786 2599 831 oscitatione

402 854 598 913 quadam
632 858 710 896 aut
738 850 872 894 verba
906 851 1066 896 similia
1092 852 1208 896 inter
1240 866 1290 897 se
1317 860 1708 910 commutaverunt,
1736 860 1813 898 aut
1841 853 1984 908 aliud,
2014 852 2139 909 *quod
2174 853 2290 897 forte
2319 853 2364 896 in
2393 853 2599 898 memoria

401 921 632 976 haerebat,
667 921 714 963 in
749 918 900 962 locum
929 919 1251 963 substituerunt
1277 919 1638 977 (Markland,·ad
1652 920 1764 965 Stat.
1785 922 1881 966 silv.
1903 921 2041 978 praef.
2056 919 2178 964 VIII
2193 936 2333 977 seqq.;
2348 921 2597 978 Ribb.*pro-

400 991 560 1048 legem.
579 988 697 1044 149).
755 984 989 1030 Vocabula
1016 992 1162 1030 autem
1183 986 1551 1044 frequentissima,
1581 1004 1694 1046 quae
1714 995 1817 1034 sunt
1844 988 1947 1033 litus
1978 995 2022 1031 et
2047 1002 2227 1044 aequor,
2257 977 2459 1032 facillim'e
2478 987 2595 1032 bunc

400 1059 446 1101 in
475 1054 660 1099 modum
694 1053 892 1111 potuisse
920 1054 1202 1110 commutari,
1237 1069 1366 1098 nemo
1395 1070 1482 1098 non
1519 1055 1772 1114 adgnoscet.
1803 1083 1858 1090 —
1888 1054 1921 1098 J
1924 1071 1993 1099 am
2025 1069 2128 1099 vero
2153 1055 2209 1097 A.
2232 1054 2319 1111 XI,
2341 1055 2444 1099 2613
2474 1055 2595 1111 „Mi-

399 1125 496 1168 litia
523 1138 578 1167 ex
612 1121 693 1164 illa
720 1120 945 1164 diversum
973 1119 1031 1164 ad
1061 1121 1167 1166 litus
1200 1121 1343 1166 abacti
1374 1122 1556 1167 Atrides
1587 1122 1737 1167 Protei
1764 1123 1994 1168 Menelaus
2021 1122 2218 1180 adusque
2254 1123 2479 1166 columnas
2503 1122 2594 1166 Ex-

399 1192 534 1247 sulat,
562 1191 787 1233 Aetnaeos
807 1187 922 1231 vidit
941 1185 1161 1246 Cyclopas
1179 1187 1384 1244 Ulixes,“
1413 1197 1576 1247 quo‘et
1594 1191 1693 1248 ipso
1724 1191 1826 1234 loco
1847 1189 2140 1249 intellegenda
2169 1196 2275 1233 sunt
2298 1191 2429 1248 plura
2448 1191 2593 1246 litora,

399 1275 544 1317 neque
571 1257 680 1316 quin
709 1255 895 1315 pluralis
925 1262 1115 1314 ponatur
1143 1262 1332 1301 metrum
1360 1256 1528 1314 obstat,
1567 1259 1777 1305 scribere:
1813 1258 1990 1304 diversa
2018 1257 2075 1302 ad
2105 1258 2238 1302 litora
2267 1257 2432 1313 abacti,
2472 1257 2592 1302 nullo

400 1327 534 1372 modo
564 1324 732 1370 dubito.
791 1322 884 1377 Qui
912 1323 1134 1369 scribendi
1163 1340 1286 1369 error
1312 1324 1519 1370 facillime
1540 1327 1796 1384 explicatur,
1826 1328 1863 1371 si
1894 1333 2009 1370 recte
2039 1327 2288 1384 suspicatur
2307 1325 2592 1381 Ribbeckius‚

399 1394 699 1452 archetypum
737 1391 942 1436 codicum
975 1398 1229 1437 nostrorum
1265 1392 1479 1437 dictatum
1516 1409 1609 1439 esse
1626 1394 1895 1453 =(prolegom.
1913 1395 1995 1438 257
2012 1397 2136 1452 seq.).
2193 1394 2301 1448 Vel,
2336 1394 2374 1437 si
2405 1393 2504 1450 quis
2538 1393 2593 1437 de

399 1464 484 1507 hac
519 1476 566 1505 re
596 1459 844 1514 dubitaret,
882 1459 940 1502 ad
968 1459 1231 1517 compendia
1264 1460 1508 1518 scripturae
1538 1462 1734 1505 revocari
1772 1469 1922 1519 posset
1950 1461 2156 1506 mendum
2185 1461 2311 1518 (ibid.
2328 1462 2443 1518 259).
2500 1460 2593 1506 Sed

397 1531 454 1575 de
482 1527 686 1573 litoribus
711 1529 804 1584 jam
833 1526 940 1572 satis
968 1527 1076 1571 mihi
1106 1528 1266 1573 dixisse
1292 1527 1460 1572 videor.

511 1595 683 1640 Eadem
711 1595 803 1638 fere
832 1594 877 1637 in
906 1595 1052 1652 ripas
1081 1586 1306 1640 transferri
1337 1603 1533 1654 possunt.
1588 1595 1637 1640 Si
1666 1603 1893 1654 spectatur
1922 1597 2034 1654 ripa,
2066 1597 2209 1654 qualis
2238 1611 2285 1641 se
2311 1597 2488 1654 longius
2518 1611 2591 1640 ex-

396 1665 556 1720 tendit,
576 1663 764 1722 pluralis
784 1677 914 1707 suum
935 1663 1083 1706 locum
1104 1663 1286 1709 obtinet.
1321 1663 1407 1721 VI,
1423 1665 1526 1710 305:
1547 1665 1681 1721 „Huc
1701 1665 1844 1709 omnis
1865 1664 1995 1708 turba
2014 1665 2070 1708 ad
2093 1665 2212 1722 ripas
2233 1664 2372 1709 effusa
2393 1663 2591 1708 ruebat.“

397 1735 503 1778 319:
534 1732 637 1788 „vel
666 1746 757 1787 quo
780 1731 1038 1775 discrimine
1067 1732 1189 1789 ripas
1218 1731 1316 1776 Hae
1343 1732 1607 1790 linquunt?“
1664 1733 1805 1789 Loco,
1843 1733 1922 1789 qui
1951 1739 2017 1776 est
2045 1731 2104 1775 G.
2127 1733 2210 1787 IV,
2233 1734 2338 1776 459:
2367 1732 2591 1791 „hydrum

396 1801 612 1846 moritura
630 1798 776 1857 puella
796 1797 1050 1844 Servantem
1079 1800 1198 1858 ripas
1218 1800 1308 1845 alta
1335 1817 1422 1844 non
1442 1800 1555 1844 vidit
1572 1801 1617 1844 in
1643 1801 1826 1855 herba,“
1854 1801 2072 1858 plurativo
2093 1816 2277 1844 numero
2298 1801 2589 1858 amplificatur

398 1866 723 1928 quodammodo
745 1867 867 1911 notio
889 1866 1117 1921 servandi:
1146 1883 1292 1926 neque
1320 1869 1437 1913 enim
1467 1868 1621 1913 eodem
1650 1876 1782 1926 atque
1803 1884 1890 1913 uno
1919 1869 2018 1916 loco
2045 1883 2217 1926 semper
2237 1868 2590 1913 commorabatur

396 1937 588 1996 hydrus,
623 1934 702 1981 sed
734 1934 973 1980 secundum
1000 1936 1142 1992 ripam
1170 1935 1260 1982 huc
1294 1936 1402 1982 illuc
1431 1937 1645 1995 serpebat.
1704 1937 1776 1981 Ita
1805 1952 1934 1995 saepe
1969 1937 2014 1981 in
2043 1936 2294 1982 universum
2323 1942 2493 1982 tantum
2522 1937 2590 1981 in-

395 2004 622 2063 tellegitur
649 2002 788 2060 regio,
818 2017 930 2059 quae
958 2003 1128 2047 flumini
1156 2003 1343 2062 adjwet,
1367 2005 1416 2049 id
1445 2004 1568 2062 quod
1598 2005 1729 2050 etiam
1759 2006 1804 2048 in
1832 2005 1978 2049 locum
2006 2004 2131 2048 illum
2160 2004 2430 2050 Ovidianum
2459 2004 2588 2062 cadit,

397 2073 474 2131 qui
502 2072 665 2129 legitur
694 2070 806 2114 Met.
822 2071 885 2126 11,
903 2071 987 2113 637
997 2087 1008 2115 3
1038 2071 1286 2127 „Fluminis
1317 2074 1363 2118 iu
1394 2073 1540 2131 rapidi
1569 2073 1678 2130 ripis
1708 2074 1881 2116 enixa.“
1940 2072 2031 2117 Sed
2053 2073 2110 2115 A.
2136 2071 2218 2127 VI,
2241 2074 2346 2116 314:
2383 2072 2590 2127 „Tende-

396 2141 592 2196 bantque
627 2153 783 2182 manus
814 2139 938 2196 ripae
967 2139 1193 2184 ulterioris
1220 2143 1401 2184 amore“
1438 2141 1534 2197 ripa
1572 2141 1757 2183 ulterior
1786 2155 1866 2196 per
1894 2154 1941 2183 se
1971 2140 2070 2196 ipsa
2100 2141 2343 2196 opponitur
2379 2141 2586 2194 citeriori,

394 2222 536 2264 neque
566 2205 687 2249 aliud
715 2206 951 2262 quicquam
981 2212 1193 2263 expetunt
1219 2207 1424 2263 umbrae,
1460 2208 1545 2251 nisi
1570 2214 1620 2251 ut
1648 2208 1810 2250 flumen
1839 2207 2147 2252 transmittant.
2207 2207 2283 2252 Sic
2320 2208 2452 2251 etiam
2483 2209 2587 2251 375:

395 2275 498 2331 „Tu
519 2271 699 2330 Stygias
713 2273 966 2316 inhumatus
985 2289 1121 2329 aquas
1148 2289 1408 2331 amnemque
1427 2290 1627 2318 severum
1644 2275 1938 2317 Eumenidum
1958 2276 2141 2331 aspicies
2170 2276 2366 2331 ripamve
2395 2276 2586 2332 injussus

395 2339 594 2386 adibis?“
623 2367 679 2374 —
707 2339 914 2396 Denique
937 2339 1001 2384 'de
1030 2356 1133 2385 orae
1158 2341 1376 2385 vocabulo
1406 2343 1443 2386 si
1475 2342 1576 2399 quis
1605 2342 1948 2399 disputationem
1976 2341 2210 2397 desideret,
2240 2343 2499 2399 plerumque
2528 2342 2585 2386 ad

393 2410 505 2455 fines
538 2407 739 2466 proxime
785 2408 956 2452 accedit
994 2408 1124 2466 hujus
1158 2408 1362 2454 vocabuli
1397 2426 1607 2454 numerus
1643 2409 1850 2467 pluralis,
1895 2410 1980 2453 nisi
2017 2409 2137 2467 quod
2181 2426 2312 2468 saepe
2349 2411 2585 2454 confinium

393 2484 538 2522 terrae
569 2474 614 2520 et
642 2475 773 2520 maris
802 2482 975 2533 spectat
994 2491 1086 2532 ora,
1116 2492 1218 2521 orae
1244 2477 1384 2538 igitur
1411 2477 1537 2532 fines,
1567 2478 1646 2534 qui
1677 2493 1729 2521 ex
1750 2484 1875 2534 parte
1904 2477 2081 2534 quidem
2110 2479 2216 2522 mari
2244 2478 2585 2534 circumdantur,

396 2559 529 2602 saepe
559 2543 822 2601 significant.
882 2543 1124 2602 Comparet
1151 2551 1298 2590 autem
1324 2559 1456 2590 verus
1484 2546 1683 2603 pluralis,
1713 2546 1791 2602 qui
1817 2544 1876 2589 adv
1905 2560 1996 2589 rem
2025 2552 2219 2591 nostram
2249 2546 2358 2590 nihil
2381 2547 2584 2603 pertinet.

395 2612 486 2659 Sed
522 2612 653 2657 aliam
687 2626 779 2656 rem
816 2612 898 2657 hac
933 2612 1039 2657 data
1068 2613 1295 2658 occasione
1324 2614 1766 2658 commemoraverim.
1825 2613 2027 2658 Indicant
2063 2615 2201 2669 enim,
2238 2620 2290 2658 ut
2318 2620 2470 2658 notum
2503 2620 2584 2670 est,

395 2695 500 2724 orae
536 2681 747 2723 ambitum
783 2695 956 2736 quoque
993 2682 1148 2738 clipei,
1176 2687 1232 2725 ut
1253 2681 1318 2737 X,
1339 2682 1444 2725 243:
1472 2683 1733 2739 „(clipeum)
1764 2696 1892 2738 quem
1926 2682 2048 2725 dedit
2087 2683 2181 2738 ipse
2210 2682 2432 2725 Invictum
2462 2683 2584 2740 Igni-

395 2755 554 2806 potens
580 2754 714 2804 atque
744 2762 845 2791 oras
873 2748 1025 2791 ambiit
1053 2752 1204 2806 auro.“
1251 2749 1355 2793 Jam
1381 2764 1485 2792 vero
1514 2752 1614 2804 477,
1642 2751 1718 2793 ubi
1738 2756 1857 2793 sunt:
1884 2749 2002 2803 „Illa
2031 2750 2184 2793 volans
2203 2750 2374 2792 humeri
2397 2757 2584 2807 surgunt

397 2831 486 2872 qua
522 2815 721 2873 tegmina
756 2829 928 2859 summa
959 2814 1125 2859 Incidit
1156 2821 1291 2873 atque
1323 2817 1442 2860 viam
1484 2817 1612 2874 clipei
1646 2817 1797 2861 molita
1827 2831 1907 2873 per
1944 2814 2074 2860 oras“
2110 2823 2207 2872 cet.,
2243 2817 2430 2861 eundem
2466 2817 2583 2861 bunc

396 2882 612 2940 pluralem
632 2883 836 2942 legimus,
866 2897 1133 2940 quamquam
1153 2883 1293 2939 hasta,
1321 2883 1469 2939 credo,
1497 2899 1583 2928 uno
1603 2881 1776 2928 tautum
1796 2884 1894 2928 loeo
1914 2899 2034 2928 oram
2053 2884 2185 2942 clipei
2204 2885 2582 2930 transverberavit.
