2952 3777
1285 275 1357 319 -’
1420 281 1481 334 ιτ
1558 304 1620 320 -««

465 412 614 457 Funus
648 412 910 457 vccabulum
937 412 975 456 si
1009 413 1244 470 pluraliter
1268 415 1473 472 ponitur,
1509 429 1683 472 semper
1705 415 2005 459 vehementem
2039 416 2173 464 animi
2203 416 2541 460 commotionem

354 479 505 538 spirat.
561 480 621 523 A.
643 478 858 534 VL-8742
885 480 984 536 „vel
1010 494 1124 536 quae
1150 480 1355 525 Tiberine
1382 481 1555 526 videbis
1583 482 1814 536 Funera,
1842 496 1940 525 cum
1970 482 2191 525 tumulum
2218 483 2540 540 praeterlabere

352 552 601 594 recentem“
638 546 693 592 de
724 547 874 592 funere
902 546 1118 593 Marcelli.
1174 547 1260 605 IV,
1282 549 1389 594 5002
1425 549 1559 605 „Non
1586 556 1735 594 tamen
1763 551 1895 593 Anna
1930 551 2054 594 novis
2091 557 2349 607 praetexere
2382 551 2540 594 funera

353 616 491 675 sacris
506 614 772 661 Germanam
786 614 958 659 credifl‘
983 614 1041 660 de
1068 614 1204 661 caede
1233 631 1314 674 per
1330 611 1644 675 metonymiam
1672 616 1804 661 dicta.
1852 616 1942 672 IX,
1957 620 2062 663 486:
2091 625 2198 673 „tua
2225 617 2540 663 funera.Veste

353 688 538 742 tegens“
572 683 848 740 intellegitur
876 683 1061 740 Euryali
1095 698 1254 742 corpus
1288 690 1524 729 mortuum.
1582 682 1788 728 Ceterum
1823 699 1879 728 ne
1914 686 2014 742 quis
2044 687 2362 730 accuratiorem
2397 685 2540 743 expli-

354 753 570 796 cationem
598 751 833 806 desideret,
856 752 949 809 jam
976 752 1096 809 apud
1124 753 1295 809 priscos
1323 753 1561 811 scriptores
1589 751 1811 796 invenitur
1837 751 1910 796 hic
1939 766 2058 796 usus.
2114 751 2190 797 Sic
2219 754 2388 799 Ennius
2416 752 2539 811 apud

356 820 633 864 Ciceronem:
677 819 851 874 „Nemo
896 834 965 862 me
1004 819 1207 864 lacrimis*
1228 820 1406 864 decoret
1445 835 1529 863 nec
1564 820 1720 863 funera
1754 819 1869 862 fletu
1903 819 2063 862 Faxit“
2107 820 2260 877 (Tusc.
2287 821 2324 875 Ι,
2349 824 2417 876 15,
2447 823 2538 879 34).

356 887 455 932 Cat.
477 889 548 943 64,
568 889 673 932 401:
715 885 932 943 „Optavit
973 888 1148 944 genitor
1191 888 1406 944 primaevi
1448 888 1603 931 funera
1642 887 1782 930 nati.“
1812 912 1867 920 —-
1896 886 2011 929 Tum
2046 887 2236 945 legimus
2271 888 2391 945 apud
2424 888 2540 931 Ver-

355 956 510 1014 gilium
541 956 595 999 A.
618 954 702 1009 IV,
724 955 828 998 642:
859 955 1104 1011 „coeptis
1130 954 1393 999 immanibus
1412 954 1548 999 effera
1565 954 1718 999 Dido“
1747 960 1793 998 et
1819 954 1971 1011 paullo
2000 954 2115 998 infra
2140 957 2245 999 647:
2270 970 2539 1012 „ensemque

355 1023 545 1067 recludit
578 1022 846 1065 Dardanium
891 1038 975 1065 non
1012 1022 1091 1066 hos
1122 1022 1371 1079 quaesitum
1413 1037 1574 1066 munus
1609 1023 1655 1065 in
1689 1025 1863 1077 usus,“
1901 1037 2092 1078 quorum
2118 1024 2237 1080 prior
2271 1024 2415 1078 locus,
2460 1024 2540 1067 ubi

354 1090 647 1141 hauddubie
683 1091 833 1133 extolli
871 1090 1101 1134 consilium
1146 1089 1412 1133 horrendum
1454 1090 1552 1133 vult
1587 1096 1739 1147 poeta,
1784 1091 2018 1146 posteriori
2060 1091 2202 1134 lucem
2245 1092 2388 1144 affert3
2429 1107 2538 1135 con·

355 1160 470 1203 feras
506 1156 591 1201 Ov.
615 1158 724 1201 Met.
747 1158 830 1213 IV,
854 1159 957 1201 524:
993 1158 1189 1213 „Bacchi
1224 1157 1306 1202 sub
1335 1159 1509 1201 nomine
1546 1157 1671 1201 Juno
1706 1158 1823 1202 Risit
1857 1165 1902 1200 et
1938 1159 2035 1212 ,bos
2070 1174 2178 1202 usus
2211 1166 2406 1215 praestet
2441 1160 2536 1203 tibi‘

354 1226 467 1272 dixit
513 1226 792 1282 ,alumnus‘,“
838 1233 969 1284 atque
1015 1225 1073 1282 V,
1099 1227 1193 1270 111.
1263 1224 1337 1270 Ad
1385 1216 1543 1284 &epta
1583 1240 1687 1270 vero
1735 1224 1874 1270 addas
1923 1228 1978 1270 A.
2013 1226 2101 1282 IX,
2137 1228 2241 1272 625:
2291 1226 2537 1284 „Juppiter

356 1296 646 1352 omnipotens,
674 1295 915 1338 audacibus
934 1294 1076 1338 adnue
1105 1295 1318 1351 coeptis.“
1366 1294 1429 1349 X,
1444 1295 1551 1338 461:
1580 1294 1674 1350 „Te
1693 1308 1864 1351 precor,
1894 1294 2068 1351 Alcide,
2098 1296 2266 1353 coeptis
2286 1296 2538 1353 ingentibus

357 1364 519 1408 adsis.“
579 1361 662 1406 Ov.
685 1363 793 1405 Her.
817 1362 951 1416 XIV,
973 1363 1047 1405 49:
1085 1361 1208 1417 „Sed
1237 1362 1369 1404 timor
1403 1371 1447 1405 et
1476 1362 1614 1419 pietas
1644 1361 1899 1406 crudelibus
1929 1363 2099 1406 obstitit
2127 1365 2284 1417 ausis,
2315 1362 2538 1419 Castaque

356 1431 612 1476 mandatum
643 1430 795 1474 dextra
829 1430 993 1488 refugit
1028 1434 1192 1487 opus,“
1220 1429 1382 1486 quibus
1416 1430 1462 1473 in
1498 1429 1606 1474 locis
1635 1429 1745 1486 quid
1782 1436 2001 1488 spectetur
2031 1431 2191 1488 plurali
2228 1447 2282 1474 ex
2311 1430 2538 1488 adjectivis

357 1500 599 1544 audacibus
627 1498 879 1556 ingentibus
900 1498 1153 1542 crudelibus
1184 1498 1345 1550 elucet3
1376 1497 1540 1554 ubique
1568 1504 1714 1542 autem
1743 1497 1798 1541 de
1828 1514 1915 1541 una
1945 1506 2232 1555 accurateque
2263 1499 2467 1542 distincta
2490 1514 2538 1543 re

357 1568 521 1624 agitur.
581 1565 749 1609 Contra
778 1566 822 1609 in
850 1565 906 1610 G.
923 1566 1004 1621 IV,
1021 1567 1125 1610 283:
1155 1566 1382 1622 „Tempus
1411 1571 1456 1609 et
1484 1565 1661 1609 Arcadii
1691 1566 1972 1610 memoranda
2000 1567 2181 1609 inventa
2208 1568 2403 1625 magistri
2423 1567 2538 1610 Pan-

358 1635 493 1678 dere“
524 1638 569 1676 et
588 1634 693 1676 295:
722 1634 955 1692 „Exiguus
977 1635 1162 1691 primum
1185 1640 1318 1689 atque
1337 1634 1455 1690 ipsos
1486 1639 1735 1677 contractus
1754 1634 1799 1676 in
1828 1648 1933 1677 usus
1953 1634 2148 1692 Eligitur
2168 1635 2319 1678 locus“
2349 1635 2537 1692 pluralia

355 1703 565 1745 videntur
600 1702 830 1744 referenda
867 1717 961 1745 esse
996 1702 1053 1743 ad
1081 1702 1276 1758 singulas
1314 1716 1406 1754 res,
1444 1702 1605 1757 quibus
1642 1701 1869 1744 constabat
1898 1702 2120 1744 inventum
2157 1702 2267 1744 illud
2301 1703 2535 1745 artificioso

358 1770 488 1812 modo
509 1784 614 1824 apes
635 1769 909 1824 procreandi.
928 1796 979 1801 —
998 1772 1054 1810 A.
1069 1769 1158 1822 XI,
1174 1770 1278 1809 274:
1308 1769 1423 1823 „heu
1442 1770 1539 1810 dira
1557 1783 1754 1810 meorum
1776 1768 2098 1824 Supplicia.“
2142 1769 2225 1823 IV,
2242 1771 2344 1811 383:
2364 1769 2538 1826 „Spero

357 1836 558 1892 equidem
588 1836 755 1889 mediis,
784 1837 822 1879 si
850 1836 959 1891 quid
989 1837 1061 1891 pia
1090 1837 1266 1879 numina
1286 1842 1486 1891 possunt,
1517 1835 1746 1892 Supplicia
1765 1835 2004 1877 hausurum
2034 1837 2266 1891 scopulis.“
2310 1837 2417 1889 VII,
2434 1838 2534 1881 619:

356 1902 489 1959 „Hoc
519 1909 564 1947 et
594 1909 686 1947 tum
709 1903 928 1947 Aeneadis
957 1902 1146 1947 indicere
1178 1902 1294 1946 bella
1318 1902 1501 1947 Latinus
1521 1902 1646 1947 More
1669 1901 1906 1960 jubebatur
1935 1904 2162 1960 tristisque
2192 1904 2415 1947 recludere
2436 1921 2541 1960 por-

357 1979 437 2016 tas.
488 1971 717 2016 Abstinuit
744 1977 866 2015 tactu
895 1978 1023 2028 pater
1049 1986 1312 2028 aversusque
1344 1971 1507 2029 refugit
1526 1970 1673 2014 Foeda
1701 1970 2003 2015 ministeria
2033 1977 2078 2013 et
2106 1971 2245 2014 caecis
2273 1987 2320 2015 se
2342 1972 2542 2015 condidit

359 2039 573 2084 umbris.“
621 2039 705 2094 XI,
732 2040 831 2082 157:
861 2039 1114 2093 „Primitiae
1140 2040 1313 2096 juvenis
1341 2039 1524 2083 miserae
1554 2038 1740 2095 bellique
1769 2038 2007 2096 propinqui
2043 2038 2166 2081 Dura
2197 2039 2539 2084 rudimenta.“

359 2108 421 2164 X,
438 2108 541 2151 529:
570 2121 686 2162 „non
715 2106 787 2150 hic
815 2107 998 2151 victoria
1017 2108 1235 2151 Teucrum
1263 2106 1468 2151 Vertitur
1497 2113 1572 2151 aut
1599 2106 1742 2154 anima
1770 2122 1859 2150 una
1878 2106 1998 2150 dabit
2027 2106 2344 2151 discrimina
2372 2111 2539 2151 tanta.“

474 2174 563 2219 Sed
599 2175 707 2218 haec
733 2189 869 2231 quum
906 2176 1032 2231 quasi
1066 2191 1147 2233 per
1177 2182 1368 2220 saturam
1403 2174 1629 2232 disputata
1656 2174 1763 2229 sint,
1795 2175 1894 2231 jam,
1917 2173 1974 2217 ad
2008 2174 2229 2230 ordinem,
2267 2175 2414 2231 quoad
2443 2175 2538 2219 fieri

359 2250 526 2301 potest,
563 2242 803 2285 redeamus.
863 2244 1059 2285 Primum
1096 2244 1233 2300 igitur
1267 2257 1538 2298 exponamus
1572 2243 1627 2285 de
1662 2242 1798 2285 verbo
1834 2241 1952 2297 quod
1986 2248 2053 2286 est
2087 2242 2330 2297 silentia,
2365 2242 2410 2285 in
2447 2258 2536 2300 quo

359 2311 541 2369 pluralis
561 2325 768 2353 numerus
788 2310 904 2352 haud
934 2309 1067 2353 dubie
1094 2311 1272 2367 proprie
1293 2310 1511 2367 significat
1529 2309 1747 2353 silentium
1776 2309 1823 2351 in
1843 2310 1990 2353 multis
2011 2310 2141 2353 rebus
2170 2325 2297 2366 posse
2318 2312 2538 2367 cognosci.

358 2379 432 2422 Ita
461 2379 516 2421 A.
537 2378 574 2432 Ι,
597 2378 699 2420 73οε
730 2383 854 2433 „tum
891 2378 1007 2419 facta
1040 2377 1213 2420 silentia
1246 2378 1427 2432 tectis,“
1464 2376 1609 2419 dicere
1644 2376 1741 2419 vult
1776 2382 1910 2432 poeta
1937 2391 2087 2420 omnes
2120 2378 2195 2432 qui
2225 2376 2427 2422 adessent
2456 2394 2538 2435 pro

361 2461 441 2491 sua
462 2459 682 2502 quemque
703 2451 830 2501 parte
852 2444 1137 2497 obmutuisse;
1158 2444 1273 2488 idem
1294 2443 1409 2487 redit
1437 2443 1521 2500 XI,
1537 2444 1641 2488 241:
1669 2449 1795 2499 „tum
1814 2443 1930 2487 facta
1948 2443 2122 2488 silentia
2141 2444 2346 2501 linguis.“
2381 2444 2539 2502 Itaque

360 2514 532 2558 tollitur
551 2513 673 2556 notio
693 2513 945 2569 singularis,
967 2528 1124 2568 neque,
1154 2512 1191 2556 si
1211 2527 1381 2569 semper
1401 2512 1464 2555 sic
1485 2512 1704 2568 explicare
1723 2511 1891 2566 liceret,
1921 2512 2108 2568 amplius
2138 2518 2283 2555 nostra
2308 2513 2539 2556 interesset

360 2581 551 2636 novisse,
582 2594 715 2636 quam
740 2580 828 2623 late
858 2585 1028 2637 pateret
1046 2579 1119 2623 hic
1145 2578 1321 2623 dicendi
1341 2594 1447 2625 mos.
1483 2580 1551 2623 Ac
1579 2584 1727 2623 tamen
1755 2578 2035 2622 inveniuntur
2065 2580 2195 2623 etiam
2226 2580 2328 2635 loci,
2358 2579 2413 2623 de
2440 2580 2540 2636 qui-

361 2650 444 2694 bus
464 2649 594 2692 aliter
623 2648 887 2693 censendum
918 2653 995 2691 est.
1044 2647 1281 2693 Evanescit
1300 2647 1417 2691 enim
1444 2662 1755 2704 nonnunquam
1783 2647 2046 2705 significatio
2067 2648 2363 2705 complurium
2393 2663 2538 2692 rerum

361 2718 542 2774 editque
572 2717 796 2773 qualitatis
827 2716 1050 2772 cujusdam
1082 2715 1322 2770 notionem,
1352 2730 1467 2771 quae
1497 2715 1659 2759 silentii
1691 2715 1872 2759 verbum
1903 2716 1949 2758 in
1980 2716 2166 2771 aliquem
2197 2714 2375 2758 modum
2405 2729 2538 2759 accu-

360 2785 498 2827 ratius
532 2784 723 2827 definiat.
785 2783 848 2838 ΙΙ,
870 2785 972 2827 255:
1006 2783 1096 2837 „Et
1124 2785 1213 2839 jam
1251 2783 1421 2839 Argiva
1457 2782 1645 2839 phalanx
1679 2783 1903 2841 instructis
1941 2783 2124 2826 navibus
2153 2783 2243 2826 ibat
2270 2786 2313 2825 A
2343 2781 2536 2838 Tenedo,

362 2851 521 2894 tacitae
551 2865 631 2908 per
662 2852 800 2896 amica
829 2851 1001 2907 silentia
1028 2851 1159 2894 lunae
1188 2850 1342 2894 Litora
1369 2856 1473 2893 nota
1501 2852 1699 2907 petens.“
1758 2848 2004 2904 Silentium,
2032 2849 2149 2905 quod
2171 2850 2316 2893 omnia
2334 2849 2539 2893 animalia

362 2919 508 2960 omnia
535 2918 634 2960 loca
659 2920 835 2976 premit,
865 2920 1002 2961 altum
1031 2919 1250 2962 silentium
1279 2918 1338 2961 sit
1365 2931 1539 2962 necesse
1567 2925 1647 2961 est.
1695 2918 1839 2974 Atqui
1858 2918 2048 2962 dubitari
2076 2918 2240 2974 nequit,
2271 2917 2377 2973 quin
2396 2918 2537 2961 amica

361 2986 481 3028 dicta
500 2986 588 3028 sint
615 2986 789 3028 silentia
808 2993 1042 3042 propterea
1060 2986 1181 3041 quod
1206 2987 1287 3028 tali
1305 2992 1433 3028 nocte
1463 2986 1606 3040 quiete
1625 2990 1671 3026 et
1698 2987 1861 3027 somnis
1881 2986 2026 3027 omnia
2053 2993 2228 3027 tenente
2257 3000 2345 3027 non
2366 2985 2536 3040 aderat,

2230 3063 2254 3099 3
