2952 3777
429 436 672 491 confirmat,
701 435 855 478 multis
881 428 1033 478 locis
1019 449 1068 478 ιιι
1091 431 1401 484 lnbrmssm
1396 413 1591 491 versari,
1618 440 1769 478 utrum
1797 434 1844 478 in
1873 413 2038 479 animo
2051 442 2133 478 aut
2157 428 2474 494 monuwa,
2479 424 2618 446 *⁴

426 503 653 550 affectibus
689 508 766 546 aut
790 499 975 547 affectus
1002 498 1177 547 indiciis
1205 498 1363 563 mer
1369 502 1522 561 ,posita
1547 500 1607 546 sit
1634 501 1722 558 vis,
1759 501 1822 546 ita
1849 508 1900 545 ut
1926 507 2006 545 aut
2034 502 2157 559 prior
2184 509 2270 546 aut
2297 497 2518 562 pnite'rioi'·
2543 494 2637 549 ii·-

423 569 618 628 plicandi
645 569 771 613 ratio
806 566 938 614 nobis
968 568 1197 646 sequernda
1229 568 1327 621 Q
1355 566 1478 614 Nam
1507 577 1638 625 saepe
1672 582 1753 612 nec
1790 574 1935 612 cetera
1962 568 2273 613 enuntiationis
2310 569 2527 614 membra
2538 573 2620 616 nec

420 643 518 690 tota
542 636 798 682 Sententia
785 651 885 694 ipsa
913 636 1148 713 quicquam
1175 632 1360 692 subsidii
1377 635 1512 682 nobis
1539 635 1807 694 suppeditat.
1856 633 1934 680 Sic
1963 635 2020 680 A.
2035 635 2075 692 1,
2094 636 2168 680 11.
2196 641 2430 692 „tantaene
2460 637 2618 684 animis

422 700 688 750 caelestibus
715 704 808 748 irae
816 703 871 748 ?“·
897 702 936 748 si
965 703 1078 749 duos
1107 703 1192 761 qui.
1212 702 1478 754 amnedunt
1504 718 1655 749 versus
1684 703 1958 760 respicimus,
1987 703 2050 747 ita
2079 703 2295 761 explicare
2325 704 2474 748 liceat:
2509 719 2618 750 num

424 773 535 818 deus
559 773 629 816 ira
657 786 736 816 sua
763 770 822 814 ad
850 775 974 815 tanta
1000 770 1115 814 facta
1143 768 1305 826 auferri
1324 769 1500 828 potest?
1528 769 1608 814 sed
1636 771 1675 815 si
1703 770 1912 815 sumimus
1942 770 2160 828 pluralem
2186 785 2276 814 non
2298 772 2492 828 positum
2517 782 2615 816 esse

421 842 575 886 nisi'ut
601 845 745 883 tantae
766 838 1030 882 vocabulum
1056 841 1246 892 acueret,
1263 834 1406 882 'etiam
1426 837 1500 881 hic
1528 844 1677 895 potest
1704 838 1882 882 subesse
1901 852 2076 881 sensus:
2107 852 2211 881 num
2239 838 2322 882 deo
2349 853 2442 883 esse
2469 845 2616 895 potest

419 911 488 952 ira
523 913 626 950 tam*
650 904 970 963 implacabilis?
1024 903 1114 947 Vel
1149 902 1257 960 VII,
1271 903 1347 947 42:
1383 904 1573 960 „Dicam
1613 898 1728 948 acies
1758 911 1970 960 actosque
2002 905 2158 948 animis
2186 906 2232 948 in
2262 905 2415 949 funera
2443 910 2614 964 reges,“

419 979 637 1021 incertum
671 982 740 1018 est
774 981 920 1017 utrum
949 973 1312 1030 interpretemurx*
1342 987 1470 1031 reges
1499 974 1578 1029 qui
1592 973 1747 1024 *animi
1777 971 2095 1029 cupiditatibus
2126 988 2201 1016 an:
2236 973 2311 1030 qui
2341 974 2431 1017 acri
2460 989 2510 1018 ac
2540 990 2614 1019 ve-

421 1043 616 1088 hementi
647 1042 792 1086 animo
820 1056 902 1085 suo
932 1040 978 1084 in
1007 1040 1192 1084 exitium
1217 1039 1306 1084 acti
1335 1046 1453 1084 sunt.
1512 1037 1665 1094 Quum
1701 1040 1840 1098 igitur
1869 1039 2012 1083 facere
2040 1055 2128 1082 non
2157 1041 2408 1097 possimus,
2431 1042 2539 1099 quin
2566 1042 2612 1086 in

420 1112 771 1168 uniuscujusque
799 1124 1014 1167 ponamus
1032 1107 1234 1164 arbitrio,
1259 1115 1406 1152 utram
1423 1107 1586 1152 talibus
1615 1109 1660 1151 in
1688 1108 1796 1152 locis
1824 1107 1962 1168 eligat
1987 1107 2072 1150 sibi
2090 1108 2440 1165 explicationem,
2467 1117 2612 1154 tamen

419 1178 470 1222 id
500 1191 678 1235 quoque
709 1176 858 1234 colligi
888 1181 1053 1232 potest,
1082 1189 1212 1233 saepe
1239 1173 1358 1218 haud
1387 1175 1450 1218 ita
1477 1190 1681 1233 magnum
1711 1175 1825 1218 inter
1853 1189 1926 1218 eas
1957 1174 2186 1226 discrimen
2214 1175 2435 1219 interesse.
2491 1176 2611 1220 Utut

418 1253 568 1289 tamen
589 1259 660 1289 res
686 1250 766 1298 est,
792 1245 838 1286 in
866 1258 1028 1301 magna
1046 1243 1244 1287 locorum
1273 1242 1402 1299 copia
1430 1242 1538 1298 quid
1559 1243 1980 1299 spectaverit-poeta
2008 1242 2244 1286 admodum
2265 1253 2383 1286 certo
2410 1243 2611 1302 intellegi

419 1327 550 1369 posse
579 1317 701 1367 puto.

533 1378 733 1421 Primum
762 1377 816 1421 de
845 1376 1037 1421 animis
1066 1377 1103 1420 si
1134 1376 1405 1432 disserimus,
1434 1377 1556 1434 prior
1585 1377 1696 1420 ratio
1727 1383 1843 1420 certe
1873 1376 2076 1420 omnibus
2101 1376 2154 1421 iis
2174 1377 2281 1421 locis
2301 1377 2610 1435 adgnoscenda

416 1454 503 1501 est,
542 1446 620 1489 ubi
651 1446 803 1504 agitur
838 1444 894 1487 de
929 1459 1018 1487 uno
1055 1450 1100 1487 et
1133 1444 1248 1487 clare
1282 1443 1477 1487 indicato
1513 1443 1686 1486 affectu.
1744 1443 1783 1499 Ι,
1816 1445 1919 1486 722:
1949 1439 2080 1498 „vivo
2110 1451 2295 1501 temptat
2330 1453 2608 1501 praevertere

417 1529 566 1558 amore
595 1513 696 1558 Jam
727 1512 899 1569 pridem
928 1511 1093 1556 resides
1122 1511 1288 1556 animos
1317 1510 1585 1568 desuetaque
1612 1510 1793 1566 corda,“
1821 1510 1937 1554 haud
1967 1510 2101 1554 dubie
2129 1511 2186 1555 de
2216 1512 2337 1555 nulla
2364 1528 2410 1555 re
2441 1512 2524 1556 nisi
2546 1513 2608 1557 ‘de

415 1581 609 1640 Sychaei
642 1595 789 1623 amore
820 1578 1106 1637 cogitandum
1135 1584 1217 1623 est.
1273 1577 1337 1634 11,
1365 1579 1468 1622 316.
1499 1576 1618 1635 „Sed
1649 1578 1896 1636 glomerare
1926 1593 2100 1621 manum
2130 1577 2244 1622 bello
2270 1584 2315 1621 et
2345 1585 2608 1624 concurrere

415 1650 462 1694 in
491 1664 638 1693 arcem
669 1646 786 1692 Cum
815 1646 946 1692 sociis
975 1645 1134 1690 ardent
1162 1645 1340 1690 animi.“
1399 1646 1496 1690 386.
1525 1644 1585 1700 V,
1606 1645 1710 1688 462:
1741 1645 1832 1722 „Et
1861 1645 2033 1690 saevire
2054 1645 2207 1691 animis
2241 1645 2469 1690 Entellum
2499 1646 2608 1691 haut

414 1732 573 1776 passus
603 1714 786 1760 acerbis.
789 1718 817 1741 “
875 1715 974 1758 473.
1003 1712 1135 1769 VIII,
1163 1713 1265 1758 228:
1295 1714 1442 1769 „Ecce
1468 1710 1620 1757 furens
1640 1713 1796 1756 animis
1817 1713 1968 1757 aderat
1986 1713 2275 1772 Tirynthius“
2302 1714 2606 1774 (wildbeweg-

414 1791 484 1828 ter
515 1784 664 1839 Sinn).
714 1784 812 1826 256.
839 1782 948 1836 VII,
977 1783 1082 1826 475:
1112 1781 1263 1836 „Dum
1292 1781 1469 1826 Turnus
1496 1781 1688 1824 Rutulos
1719 1781 2144 1825 animis'audacibus
2174 1782 2359 1838 implet“
2388 1782 2605 1838 (kiihnbe-

416 1858 586 1908 wegter
616 1850 762 1906 Sinn).
809 1848 892 1892 Ov.
919 1849 1031 1892 Met.
1060 1849 1144 1904 IV,
1169 1850 1274 1893 421:
1311 1850 1457 1904 „natis
1492 1849 1776 1903 thalamoque
1806 1838 2084 1892 Athamantis
2118 1849 2350 1891 habentem
2387 1848 2605 1894 Sublimes

412 1919 628 1962 animos.“
685 1918 742 1959 A.
762 1916 848 1967 IX,
865 1916 969 1958 703:
998 1917 1180 1970 „Bitian
1200 1915 1425 1962 ardentem
1446 1916 1585 1959 oculis
1605 1916 1846 1970 animisque
1865 1916 2164 1958 frementem.“
2209 1915 2269 1968 X,
2290 1916 2394 1957 250:
2424 1923 2606 1972 „stupet

413 1986 581 2030 inscius
598 1985 695 2040 ipse
713 1983 830 2028 Tros
845 1982 1154 2038 Anchisiades,
1170 1983 1338 2029 animos
1355 1990 1500 2028 tamen
1515 1983 1657 2027 omine
1673 1983 1802 2037 tollit,
1806 1983 2068 2039 “prolepsin
2084 1982 2325 2038 intellege.
2335 1980 2392 2027 G.
2403 1982 2490 2038 111,
2503 1985 2604 2028 119.

410 2051 703 2111 „Exquirunt
723 2049 1003 2108 calidumque
1023 2049 1180 2096 animis
1199 2055 1246 2096 et
1264 2049 1468 2107 cursibus
1489 2065 1647 2095 acrem.
1653 2053 1675 2079 “
1735 2048 1932 2108 Adjungi
1953 2054 2098 2107 potest
2121 2049 2176 2094 A.
2196 2047 2285 2106 IX,
2309 2048 2408 2094 184·
2437 2049 2605 2106 „Nisus

410 2121 497 2167 ait:
534 2119 637 2165 dine
674 2118 792 2164 hunc
827 2118 1030 2164 ardorem
1067 2116 1336 2165 mentibus
1375 2117 1564 2176 addunt,
1567 2120 1597 2145 ‘⁶
1640 2117 1718 2163 ubi
1762 2117 1877 2163 redit
1920 2117 2139 2177 prolepsis
2182 2116 2313 2162 modo
2357 2117 2602 2165 observata.

412 2188 501 2247 IV,
522 2191 629 2233 414:
660 2188 760 2244 „Ire
790 2188 950 2232 iterum
980 2188 1027 2231 in
1054 2187 1271 2244 lacrimas,
1296 2186 1458 2231 iterum
1477 2193 1693 2245 temptare
1713 2186 1932 2245 precando
1953 2186 2142 2245 Cogitur
2163 2192 2208 2229 et
2227 2186 2412 2244 supplex
2437 2187 2603 2234 animos

410 2257 687 2302 summittere
717 2256 898 2311 amori,“
927 2255 1087 2300 dubius
1116 2255 1191 2311 sis,
1219 2269 1278 2304 an
1305 2254 1364 2315 sit
1395 2256 1508 2298 ratio
1537 2256 1755 2312 posterior
1784 2254 2033 2310 statuenda,
2065 2254 2103 2296 si
2133 2253 2190 2296 ad
2211 2253 2373 2297 doloris
2395 2254 2601 2313 despera·

410 2326 546 2368 tionis
575 2323 666 2366 odii
696 2324 788 2365 irae
818 2323 1051 2379 superbiae
1079 2323 1262 2366 affectus
1290 2323 1533 2365 intenditur
1562 2324 1754 2376 animus,
1793 2323 1870 2376 qui
1899 2322 2123 2363 Didonem
2154 2322 2424 2377 discerpunt3
2453 2329 2601 2365 tamen

408 2393 449 2436 si
487 2392 713 2435 nobiscum
753 2396 1012 2445 reputamus
1054 2390 1276 2433 enuntiata
1315 2405 1431 2446 quae
1471 2396 1577 2434 sunt
1611 2389 1833 2445 precando
1877 2388 2065 2445 supplex
2109 2389 2403 2443 summittere,
2434 2390 2600 2434 -melius

411 2459 590 2502 videtur
618 2473 715 2501 esse
744 2456 801 2499 ad
831 2457 1084 2513 superbiam
1119 2457 1258 2500 solam
1286 2457 1452 2500 referre
1480 2457 1646 2499 animos
1683 2471 1737 2498 ex
1770 2456 1938 2498 ratione
1975 2456 2135 2511 priore.
2194 2455 2363 2499 Contra
2390 2456 2475 2511 111,
2496 2458 2601 2500 342:

408 2524 621 2582 „Ecquid
651 2524 697 2567 in
728 2524 954 2580 antiquam
982 2523 1188 2567 virtutem
1215 2523 1472 2580 animosque
1501 2522 1640 2567 virilis
1669 2522 1731 2565 Et
1760 2528 1888 2579 pater
1916 2526 2088 2566 Aeneas
2107 2528 2152 2566 et
2171 2522 2416 2567 avonculus
2437 2524 2601 2568 excitat

409 2593 615 2639 Hector“
644 2592 956 2650 metonymiam
983 2590 1210 2651 habemus,
1239 2605 1376 2670 quum
1394 2590 1561 2635 indicet
1580 2606 1665 2634 vox
1686 2590 1824 2635 virilis
1843 2605 1979 2649 genus
1998 2590 2207 2634 virtutum
2227 2589 2378 2648 plures
2403 2604 2600 2649 compre-

408 2661 615 2706 hendens.
673 2660 755 2716 Vl,
776 2661 882 2704 261.
910 2660 1099 2718 „Tuque
1132 2658 1291 2705 inv-de
1319 2659 1436 2703 viam
1471 2660 1716 2718 vaginaque
1752 2658 1873 2716 eripe
1915 2659 2102 2714 ferrum,
2131 2657 2264 2702 Nunc
2291 2658 2446 2703 animis
2475 2673 2599 2717 opus,

409 2731 583 2784 Aenea,
619 2742 739 2771 nunc
765 2735 948 2785 pectore
974 2728 1123 2771 firmo
1110 2730 1156 2782 ,“
1184 2727 1356 2773 animus
1382 2727 1516 2771 valet:
1554 2727 1709 2779 Muth3
1742 2734 1874 2783 atque
1903 2736 2087 2782 possunt
2114 2726 2312 2804 intellegi
2341 2727 2458 2770 facta
2484 2742 2600 2783 quae

410 2812 468 2841 ex
495 2797 640 2840 animo
669 2795 779 2839 forti
814 2801 1056 2840 nascuntur
1089 2796 1264 2840 ratione
1283 2794 1442 2840 <habita
1477 2810 1629 2838 eorum
1662 2808 1777 2850 quae
1815 2793 2098 2846 antecedunt3
2134 2793 2214 2838 sed
2248 2794 2288 2838 si
2322 2793 2600 2839 desideratur

410 2863 533 2920 quod
561 2870 764 2908 accurate
792 2863 1058 2920 respondeat
1092 2863 1263 2920 pectori
1294 2863 1422 2922 firmo
1458 2863 1650 2920 explices
1684 2862 1796 2906 fere:
1832 2861 2025 2905 animum
2060 2861 2221 2906 fortem
2255 2861 2326 2906 vel
2354 2861 2602 2906 ardentem.
