2952 3777
1315 256 1624 305 ..5.-

379 392 431 430 ut
453 387 548 445 jam
574 384 804 444 pluraliter
833 384 1020 443 cogitari
1050 391 1244 443 possent,
1273 399 1356 431 nec
1383 385 1461 431 ubi
1488 399 1558 431 res
1586 383 1642 429 ad
1671 384 1821 443 plures
1850 399 1940 429 una
1969 384 2229 443 referretur,
2259 384 2426 444 quippe
2454 400 2564 444 qua·
2590 404 2596 409 ·

380 469 479 499 rum
513 461 701 512 utraque
726 453 840 497 ratio
876 459 922 497 et
948 452 1006 496 ad
1036 451 1203 510 poetas'
1221 461 1266 497 et
1300 454 1358 498 ad
1385 454 1608 513 prosarios
1641 453 1877 510 scriptores
1906 454 2169 511 pertineret,
2207 468 2471 510 quamquam
2506 454 2562 498 ab

381 536 435 567 ea
470 537 603 578 quam
638 520 883 580 posteriore
918 520 1015 565 loco
1052 520 1144 565 dixi
1172 520 1396 580 Vergilius
1423 529 1542 566 certe
1576 514 1830 578 saepissime
1857 521 2035 566 recedit.
2094 522 2245 577 Atque
2281 527 2333 565 ut
2360 522 2407 565 in
2443 523 2564 565 omni

379 590 684 646 quaestionum
721 603 880 646 genere
917 604 968 632 ea
1002 603 1173 646 semper
1203 587 1390 633 habetur
1424 589 1499 633 via
1534 588 1795 644 certissima,
1833 604 1920 645 qua
1955 589 2010 632 ab
2046 589 2214 645 apertis
2249 588 2476 646 paullatim
2505 588 2563 631 ad

378 657 658 714 impeditiora
693 655 1008 712 adscendatur,
1044 657 1106 700 ita
1135 656 1191 700 ab
1228 656 1283 703 iis
1311 656 1671 718 putavipinitium
1706 655 1992 713 repetendum
2023 671 2135 711 esse,
2174 672 2287 713 quae
2317 672 2370 705 ex
2408 663 2564 701 natura

380 722 556 782 linguae
593 723 779 767 Latinae
817 722 1022 767 facillime
1059 724 1231 781 possint
1272 724 1495 782 explicari.
1560 721 1692 780 Quod
1729 723 1768 768 si
1804 723 2075 781 quaerimus,
2112 738 2190 767 cur
2224 723 2280 768 ad
2314 740 2443 769 unam
2473 740 2564 768 rem

381 791 695 850 designandam
733 791 881 848 plures
909 791 1106 848 ejusdem
1143 794 1317 850 generis
1345 793 1621 837 conferantur
1649 818 1706 826 -
1736 792 1898 836 etenim
1935 792 2038 835 novi
2067 791 2234 849 aliquid
2264 793 2431 835 notioni
2460 792 2565 835 addi

381 875 432 904 ea
464 875 512 903 re
544 858 665 916 quod
699 858 880 915 pluralis
915 865 1103 915 ponatur
1139 860 1292 917 utique
1327 860 1566 904 tenendum
1601 866 1669 905 est
1698 886 1754 893 —
1791 859 2051 917 quantitatis
2086 859 2314 918 augendae
2349 875 2482 904 causa
2518 860 2563 902 id

380 929 474 972 fieri
502 941 635 985 posse
665 941 791 969 nemo
820 942 909 969 non
939 927 1180 984 intelleget,
1211 943 1371 984 neque,
1401 929 1439 972 si
1465 927 1836 984 considerabitur,
1871 927 2092 971 Romanos
2123 928 2166 971 in
2195 928 2446 972 universum
2477 942 2565 970 ser-

381 1010 554 1039 monem
582 993 723 1052 magis
759 993 814 1037 ad
849 999 1070 1037 externam
1099 1010 1243 1038 rerum
1279 996 1368 1038 vim
1396 1009 1448 1039 ac
1476 996 1663 1052 speciem
1693 995 2050 1040 adcommodasse
2082 995 2271 1052 indeque
2300 994 2458 1039 modos
2489 995 2566 1038 de-

383 1062 637 1119 sumpsisse,
667 1061 829 1118 quibus
860 1063 904 1105 in
936 1063 1215 1108 aestimandis
1245 1064 1442 1108 omnibus
1479 1064 1607 1108 rebus
1635 1070 1882 1117 uterentur,
1917 1065 2011 1108 sine
2040 1064 2187 1119 aliqua
2216 1070 2384 1106 ratione
2414 1079 2566 1106 nume-

384 1146 483 1174 rum
513 1129 780 1186 plurativum
816 1130 947 1173 etiam
982 1130 1038 1173 ad
1074 1130 1324 1174 interiorem
1359 1147 1505 1174 rerum
1542 1138 1742 1174 naturam
1778 1138 1824 1174 et
1850 1131 2044 1174 indolem
2078 1131 2319 1174 acuendam
2356 1131 2566 1174 extollen-

384 1197 573 1254 (lamque
608 1195 805 1242 adhiberi
842 1212 973 1254 posse
1002 1197 1127 1242 facile
1166 1198 1406 1257 colligetur.
1466 1196 1557 1253 Qui
1594 1198 1678 1242 erit
1713 1190 1880 1256 primus
1910 1198 2220 1256 disputationis
2257 1199 2390 1242 locus.
2448 1199 2564 1242 Dein

383 1279 487 1312 vero
518 1264 806 1322 procedamus
835 1265 891 1308 ad
921 1265 1153 1322 largiorem
1192 1281 1344 1309 eorum
1372 1266 1605 1309 verborum
1634 1266 1829 1324 copiam,
1865 1265 1909 1308 in
1940 1281 2052 1322 quae
2081 1281 2217 1322 quum
2246 1272 2403 1309 neutra
2431 1268 2567 1309 ratio-

384 1347 490 1376 num
521 1332 650 1376 modo
687 1333 959 1389 prolatarum
998 1349 1177 1389 prorsus
1207 1334 1358 1389 cadat,
1399 1334 1484 1377 alia
1522 1333 1915 1391 circumspicienda
1947 1341 2049 1377 sunt
2078 1334 2330 1391 explicandi
2359 1334 2569 1378 subsidia.

384 1400 645 1444 Videbimus
675 1401 811 1458 igitur
831 1400 1088 1458 Vergilium,
1121 1402 1329 1457 quoniam
1361 1402 1648 1446 intellexisset
1676 1401 1761 1445 hoc
1791 1402 1960 1445 numeri
1991 1417 2074 1444 usu
2095 1401 2349 1445 facultatem
2380 1402 2463 1445 sibi
2490 1402 2568 1444 da-

385 1476 474 1511 tam
513 1483 605 1512 esse
640 1469 928 1512 elocutionem
959 1484 1080 1513 suam
1123 1469 1377 1513 vividiorem
1416 1470 1748 1525 uberioremque
1778 1469 1909 1513 docte
1942 1469 2175 1526 reddendi,
2211 1485 2297 1513 non
2336 1469 2474 1514 solum
2512 1469 2593 1512 ad¹

386 1535 690 1594 gradationem
727 1537 864 1581 totius
901 1537 1129 1595 cujusdam
1174 1538 1363 1582 notionis
1398 1553 1633 1595 usurpasse
1669 1538 1904 1595 pluralem,
1947 1537 2024 1582 sed
2063 1538 2191 1581 etiam
2229 1544 2279 1581 ut
2314 1538 2370 1581 ad
2406 1546 2567 1582 certam

386 1603 606 1662 quandam
645 1605 837 1650 notionis
874 1606 1186 1664 proprietatem
1222 1606 1576 1665 adgnoscendam
1612 1606 1783 1652 animos
1820 1606 2091 1667 audientium
2120 1607 2189 1651 vel
2219 1606 2456 1665 legentium
2488 1606 2569 1651 ad-

385 1673 567 1717 duceret
592 1674 932 1731 impelleretque.

501 1741 584 1786 His
608 1741 670 1784 ita
700 1742 940 1800 propositis
969 1750 1154 1800 apparet
1183 1742 1311 1785 aliam
1340 1756 1519 1801 prorsus
1555 1757 1623 1786 me
1652 1742 1827 1802 ingredi
1856 1743 1971 1787 viam
1997 1748 2130 1799 atque
2161 1742 2453 1801 Wagnerum,
2491 1744 2569 1799 qui

387 1824 522 1865 quum
553 1816 597 1852 et
626 1810 722 1866 ipse
753 1817 877 1867 putet
907 1817 1133 1855 accuratas
1162 1812 1209 1853 in
1239 1825 1368 1854 usum
1397 1811 1580 1867 pluralis
1601 1811 1927 1856 observationes
1955 1811 2210 1854 incredibile
2240 1826 2333 1856 esse
2359 1818 2569 1866 quantum

374 1877 444 1919 -ad
475 1877 818 1934 intellegentiam
856 1879 1018 1934 poetici
1054 1878 1267 1922 sermonis
1300 1878 1551 1933 conferant,
1594 1879 1639 1921 in
1674 1878 2007 1935 quaestionibus
2045 1878 2305 1935 virgilianis
2341 1880 2464 1936 (pag.
2485 1879 2569 1922 408

387 1946 528 2021 seqq.)
558 1958 724 1988 summa
752 1951 803 1987 ut
831 1946 944 1988 solet
973 1945 1200 2003 diligentia
1219 1945 1274 1988 de
1303 1946 1522 1990 nonnullis
1543 1946 1765 1991 vocabulis
1793 1946 2016 2004 exposuit,
2046 1960 2161 2001 quae
2190 1960 2217 1988 a
2246 1944 2447 2003 Vergilio
2478 1960 2572 1989 sae-

387 2012 566 2068 pissime
597 2012 827 2067 pluraliter
856 2020 1097 2068 ponuntur,
1128 2014 1205 2058 sed
1233 2029 1347 2068 quae
1367 2014 1459 2057 fere
1489 2014 1634 2057 omnia
1662 2013 2022 2072 significationem
2043 2013 2224 2069 proprie
2253 2012 2466 2090 pluralem
2498 2028 2573 2055 ex-

388 2079 579 2121 hibeant.
638 2077 741 2133 Quo
778 2080 942 2123 factum
973 2088 1059 2135 est,
1095 2088 1144 2125 ut
1172 2082 1274 2124 inde
1305 2097 1464 2158 parum
1500 2081 1667 2125 fructus
1697 2081 1980 2143 perceperim.
2039 2078 2242 2123 Ceterum
2280 2096 2334 2123 ne
2364 2081 2464 2136 quis
2495 2080 2574 2123 ob-

384 2148 526 2205 jiciat,
564 2146 609 2188 in
645 2145 876 2191 afferendis
907 2149 1113 2205 exemplis
1151 2149 1315 2204 ubique
1345 2150 1521 2206 parcius
1558 2164 1626 2193 me
1655 2149 1817 2207 egisse,
1853 2148 1974 2191 nolui
2005 2148 2090 2192 nisi
2120 2136 2272 2204 paucis
2302 2147 2409 2191 locis
2440 2163 2572 2190 unam

389 2229 608 2271 quamque
646 2228 737 2256 rem
781 2214 826 2257 in
864 2217 1109 2260 universum
1149 2216 1389 2271 illustrare,
1434 2230 1570 2272 quum
1606 2216 1662 2259 ad
1698 2216 1918 2273 inceptum
1963 2229 2107 2259 meum
2144 2229 2302 2272 parum
2335 2215 2575 2272 pertineret

390 2284 564 2338 quoties
592 2282 677 2325 hoe
705 2282 867 2326 illudve
897 2285 1169 2326 enuntiatum
1200 2285 1316 2342 apud
1338 2285 1581 2343 Vergilium
1610 2284 1839 2342 legeretur,
1871 2283 1991 2340 quod
2020 2282 2305 2341 relegandum
2335 2296 2430 2328 esse
2461 2283 2576 2328 duco

389 2351 557 2394 Lexico
585 2350 867 2410 Vergiliano,
906 2353 942 2396 si
973 2354 1072 2409 quis
1106 2352 1329 2408 quondam
1360 2354 1685 2409 conscripturus
1722 2359 1802 2396 est.
1861 2351 2018 2408 Neque
2056 2353 2102 2395 in
2131 2351 2440 2408 comparandis
2479 2352 2577 2396 aliis

391 2419 673 2477 scriptoribus
711 2420 874 2464 multus
909 2419 983 2463 fui.
1040 2420 1108 2465 Ut
1145 2422 1256 2463 enim
1288 2420 1529 2479 Vergilius
1545 2419 1760 2465 nonnulla
1796 2420 2047 2477 scripserit,
2085 2434 2200 2475 quae
2229 2419 2359 2464 simili
2390 2419 2520 2464 modo
2551 2437 2578 2464 a

391 2486 576 2532 Graecis
614 2487 702 2531 dici
739 2495 945 2545 noverat,
984 2490 1099 2533 sicut
1129 2504 1208 2532 ora
1245 2490 1319 2546 (cf.
1339 2488 1543 2546 Xenoph.
1564 2488 1708 2532 Anab.
1729 2488 1794 2544 11,
1814 2489 1856 2544 6,
1879 2491 1930 2531 11
1959 2494 2004 2531 et
2032 2502 2147 2543 quae
2176 2487 2404 2531 adnotavit
2431 2488 2578 2532 Krue-

391 2558 566 2614 gerus),
604 2556 835 2614 speluncas
867 2557 943 2614 (cf.
964 2556 1095 2600 Hom.
1115 2554 1201 2601 Od.
1221 2556 1261 2612 I,
1280 2558 1353 2615 73)
1382 2557 1488 2613 alia,
1526 2563 1671 2601 tamen
1706 2563 1829 2600 totus
1864 2555 1938 2599 hic
1975 2555 2157 2612 pluralis
2194 2570 2298 2600 usus
2335 2562 2425 2600 tam
2459 2558 2579 2612 justa

391 2625 559 2668 ratione
596 2639 649 2668 ex
684 2624 825 2681 ipsius
862 2624 1038 2683 linguae
1066 2624 1253 2671 Latinae
1289 2624 1438 2669 indole
1469 2623 1719 2683 expeditur,
1755 2630 1806 2668 ut
1842 2622 2041 2669 subsidio
2078 2623 2207 2667 alieni
2242 2624 2453 2668 sermonis
2488 2639 2577 2668 non

392 2707 503 2748 opus
524 2694 592 2736 sit.
642 2693 711 2736 Ex
742 2689 1037 2736 Romanorum
1067 2708 1170 2736 vero
1201 2694 1343 2750 poetis
1364 2708 1445 2736 cur
1465 2692 1691 2737 Catullum
1716 2692 1761 2736 in
1781 2692 1993 2736 auxilium
2013 2691 2262 2735 vocaverim
2289 2706 2423 2747 quum
2443 2705 2580 2748 supra

387 2762 478 2818 Jam
509 2760 752 2804 indicatum
783 2761 853 2815 sit,
884 2760 939 2804 de
968 2759 1132 2805 ovidio
1161 2761 1410 2817 frequentia
1439 2760 1638 2818 exempla
1666 2759 1764 2805 ideo
1795 2775 1864 2803 me
1893 2758 2093 2803 attulisse
2122 2759 2277 2813 fateor,
2307 2758 2429 2815 quod
2458 2758 2579 2802 haud

393 2842 496 2870 raro
539 2842 621 2884 per
660 2828 779 2872 hunc
814 2829 991 2872 demum
1030 2828 1085 2873 ad
1126 2834 1286 2872 rectam
1324 2827 1551 2885 cujusdam
1587 2828 1673 2872 loci
1708 2827 1950 2886 Vergiliani
1988 2828 2324 2885 explicationem
2361 2825 2580 2871 adductus

394 2910 502 2938 sum.
562 2894 710 2950 Quum
741 2897 1065 2954 enimpluralis
1095 2911 1214 2950 usus,
1244 2903 1295 2939 ut
1322 2897 1399 2952 qui
1428 2896 1567 2939 multo
1597 2897 1925 2938 commotiorem
1956 2895 2161 2938 redderet
2190 2895 2449 2951 orationem,
2478 2895 2578 2938 rhe-

394 2963 534 3007 torico
565 2964 738 3007 cuidam
768 2965 913 3007 studio
944 2967 1119 3022 egregie
1149 2967 1329 3019 faveret,
1360 2965 1398 3006 is
1424 2964 1653 3007 videbatur
1681 2965 1895 3018 imprimis
1924 2963 2151 3005 adeundus
2181 2978 2275 3006 esse
2306 2969 2462 3019 poeta,
2500 2964 2578 3017 qui
