2952 3777
341 485 449 517 ’Μ
565 515 616 561 in
627 516 813 577 longum
831 516 957 563 ducis
976 521 1189 565 amores-‘⁴
1231 517 1296 575 Χ,
1310 520 1364 565 6·
1379 496 1786 580 „⁸⁰11me
1784 518 1984 565 dmw
2002 525 2218 566 ⁸m⁰¹⁶⁸·“
2262 522 2340 566 34²
2368 520 2559 575 ”vm
2627 533 2629 536 ⁴

369 574 494 631 m'eos
522 585 627 628 olim
655 585 694 629 si
722 585 875 629 fistula
903 585 1022 629 dicat
1048 601 1232 630 amores.
1234 589 1266 612 ‘⁶
1322 585 1416 631 Sed
1444 586 1500 630 A.
1527 585 1613 642 IV,
1629 578 1745 656 mr
1768 586 1986 642 „quando
2014 588 2183 644 optima
2220 587 2343 631 Dido
2374 586 2559 631 Nesciat

371 656 420 695 et
436 658 596 695 tantos
625 652 774 708 rumpi
804 667 893 695 non
921 660 1070 709 speret
1098 656 1300 697 amoree“
1330 654 1423 711 jam
1458 652 1518 697 ob
1550 644 1785 715 rumpffli
1818 653 2082 698 vocabulum
2119 654 2363 700 cavendum
2398 660 2469 699 est
2501 669 2559 698 ne

372 717 429 764 de
456 706 619 762 affectu
651 719 917 796 cogitemus3
953 735 1052 763 nam
1080 721 1221 777 accipi
1249 721 1347 763 vult
1374 727 1510 778 poeta
1536 719 1715 775 amoris
1714 719 1975 769 βψωοιιίει
1999 721 2215 778 factaque,
2241 722 2403 778 quibus
2432 715 2556 765 Dido

372 786 570 830 Aeneam
598 776 682 830 sibi
712 785 962 829 devinctum
991 793 1131 834 tenet.
1167 786 1288 842 quod
1323 801 1370 830 se
1402 794 1499 831 tota
1533 788 1575 830 ei
1600 781 1839 846 comisit,
1868 787 1987 844 quod
2015 802 2235 832 summum
2263 787 2555 846 Karthaginis

371 853 607 911 imperium
636 853 683 896 in
713 868 812 897 eum
842 852 1022 908 detulit,
1052 853 1172 910 quod
1197 853 1323 898 laesit
1349 854 1482 899 fidem
1509 852 1713 911 Sychaei
1721 853 1927 906 manibus
1955 855 2238 911 promissam,
2273 854 2396 911 quod
2422 855 2556 898 subiit

370 920 474 964 odia
515 927 584 964 tot
627 935 862 978 procorum
896 936 922 964 a
956 936 1003 966 se
1038 927 1403 999 contemptorum.
1464 921 1562 964 Nec
1601 920 1650 964 id
1691 920 1880 971 fortasse
1923 936 1951 963 a
1992 936 2098 964 vero
2141 922 2328 964 multum
2372 921 2555 977 recedit,

372 1003 569 1033 amorum
604 987 739 1031 verbo
775 987 860 1032 hoc
894 989 990 1040 loco
1034 988 1092 1032 in
1122 989 1377 1034 universum
1415 988 1607 1046 spectari
1643 980 1804 1034 foedus
1842 988 2026 1045 amoris,
2062 988 2277 1046 pluralem
2313 997 2462 1033 autem
2500 1006 2555 1033 ex

373 1056 529 1100 eadem
556 1057 722 1099 ratione
752 1057 944 1113 positum
976 1070 1069 1100 esse
1098 1071 1186 1112 qua
1214 1057 1408 1113 foedera,
1439 1056 1495 1100 de
1524 1056 1689 1113 quibus
1711 1055 1867 1100 videas
1895 1071 2010 1112 quae
2039 1071 2176 1114 supra
2203 1057 2438 1114 disputavi,
2471 1058 2554 1101 im-

368 1124 522 1182 primis
538 1122 671 1180 VIII,
689 1125 790 1167 540:
810 1123 1017 1179 „foedera
1033 1128 1282 1182 rumpant.“
1313 1123 1410 1169 Cat.
1428 1125 1498 1181 78,
1515 1124 1561 1167 3:
1584 1123 1878 1180 „nam-dulces
1888 1125 2038 1181 jungit
2051 1129 2266 1168 amores.“
2295 1126 2353 1167 A.
2369 1124 2431 1179 X,
2448 1126 2551 1168 326:

371 1192 631 1248 „Dardania
657 1198 820 1235 stratus
850 1192 1022 1245 dextra,
1050 1207 1227 1235 securus
1255 1194 1465 1245 amorum,
1494 1190 1584 1245 Qui
1604 1194 1815 1248 juvenum
1845 1191 1926 1233 tibi
1953 1205 2128 1247 semper
2147 1197 2285 1246 erant,
2311 1191 2553 1235 miserande

364 1261 584 1317 Jaceres,“
614 1273 783 1303 amores
811 1265 915 1302 sunt
944 1258 1137 1302 rationes
1171 1259 1346 1313 amoris,
1368 1260 1579 1314 juvenum
1601 1258 1829 1316 genetivus
1849 1257 2088 1315 objectivus
2110 1259 2188 1315 qui
2216 1259 2391 1314 dicitur,
2420 1266 2552 1315 atque

368 1326 498 1369 aliam
529 1326 618 1368 vim
648 1325 782 1369 habet
810 1325 1083 1376 enuntiatum
1112 1325 1316 1368 hocloco
1337 1340 1388 1368 ac
1407 1340 1553 1382 supra.
1576 1329 1579 1331 ’
1611 1324 1670 1371 G.
1688 1324 1775 1380 III,
1795 1325 1901 1368 22⁷:
1930 1332 2056 1380 „tum
2083 1340 2196 1382 quos
2225 1326 2370 1370 amisit
2388 1315 2552 1369 inultus

370 1408 541 1436 amores
550 1396 595 1447 ,“
640 1392 696 1434 de
741 1392 870 1436 rebus
908 1392 1119 1435 Venereis
1161 1393 1235 1450 agi
1271 1407 1325 1435 ex
1360 1393 1414 1436 iis
1460 1407 1572 1449 quae
1607 1391 1877 1449 praecedunt
1912 1393 2006 1437 sine
2044 1392 2316 1436 dubitatione
2354 1393 2550 1436 efficitur.

368 1460 463 1504 Ecl.
489 1459 621 1515 VIII,
643 1460 719 1503 23:
749 1452 953 1517 „semper
982 1462 1211 1516 pastorum
1239 1459 1313 1503 ille
1344 1459 1469 1503 audit
1503 1463 1722 1515 amores,“
1758 1460 2055 1518 intellegenda
2083 1468 2186 1503 sunt
2216 1462 2408 1503 carmina
2436 1476 2549 1516 quae

370 1528 429 1572 ad
459 1534 652 1571 amorem
681 1535 900 1585 spectant,
928 1542 1015 1583 qua
1040 1527 1357 1584 significatione
1378 1534 1423 1571 et
1442 1525 1634 1572 Ovidius
1652 1540 1854 1572 amorum
1874 1527 2092 1571 vocabulo
2113 1543 2216 1571 usus
2237 1536 2314 1571 est.
2335 1555 2388 1562 -—
2410 1528 2547 1571 odia.

369 1598 427 1640 A.
447 1596 486 1649 I,
508 1596 611 1638 668:
640 1595 830 1649 „Frater
858 1601 909 1639 ut
937 1597 1110 1637 Aeneas
1140 1595 1296 1652 pelago
1327 1602 1432 1638 tuus
1460 1595 1607 1637 omnia
1634 1594 1798 1638 circum
1828 1595 1984 1638 Litora
2008 1596 2195 1651 jactetur
2221 1593 2333 1638 odiis
2361 1593 2393 1637 J
2395 1595 2549 1638 unonis

367 1662 565 1717 acerbae,
595 1661 714 1705 Nota
743 1661 872 1714 tibi;“
902 1660 1107 1704 affectum
1134 1661 1280 1717 ipsum
1310 1660 1672 1719 adgnoscendum
1701 1676 1796 1706 esse
1827 1662 1897 1705 vel
1925 1662 2029 1705 inde
2059 1667 2204 1718 potest
2234 1661 2400 1718 colligi,
2428 1661 2550 1717 quod

369 1745 422 1774 ea
450 1744 566 1786 quae
599 1745 653 1773 ex
683 1728 787 1772 odio
818 1727 851 1771 J
853 1729 1015 1772 unonis
1043 1730 1310 1786 proveniunt
1338 1736 1442 1774 sunt
1469 1729 1556 1786 ipsi
1582 1730 1761 1773 Aeneae
1789 1744 1973 1773 errores.
2030 1729 2189 1786 Neque
2215 1728 2341 1772 aliter
2358 1728 2418 1784 V,
2447 1730 2550 1773 786:

368 1798 502 1854 „Non
532 1797 674 1842 media
703 1797 757 1841 de
794 1803 924 1855 gente
954 1796 1181 1854 Phrygum
1211 1796 1407 1841 exedisse
1436 1797 1635 1841 nefandis
1663 1796 1833 1842 Urbem
1861 1797 1973 1840 odiis
2007 1798 2114 1840 satis
2150 1800 2262 1840 est.“
2320 1796 2429 1850 VII,
2445 1797 2550 1839 336:

368 1865 470 1922 „Tu
507 1871 636 1922 potes
673 1865 905 1921 unanimos
940 1879 1104 1907 armare
1148 1865 1194 1907 in
1230 1864 1399 1921 proelia
1437 1864 1598 1909 fratres
1637 1865 1790 1921 Atque
1829 1863 1943 1909 odiis
1979 1878 2155 1906 versare
2194 1863 2403 1915 domos;“
2443 1864 2552 1906 nihil

367 1932 589 1991 agendum
617 1938 702 1984 est,
731 1932 814 1975 nisi
844 1938 894 1974 ut
921 1932 1134 1975 excitetur
1169 1931 1342 1987 odium,
1380 1931 1502 1987 quod
1540 1938 1670 1976 antea
1696 1946 1784 1977 non
1810 1937 1930 1974 erat.
1989 1930 2074 1984 XI,
2104 1930 2208 1972 1222
2235 1930 2378 1984 „Tum
2408 1931 2551 1972 senior

370 2015 631 2056 semperque
661 1999 775 2042 odiis
808 2006 851 2041 et
881 2000 1061 2042 crimine
1090 1999 1288 2042 Drances
1324 1997 1527 2044 Infensus
1549 1998 1702 2057 juveni
1730 1996 1914 2043 Turno“
1943 2001 2041 2051 cet.,
2074 1994 2237 2040 crimen
2266 1996 2439 2040 demum
2468 2005 2548 2047 est,

367 2067 489 2121 quod
519 2083 573 2108 ex
601 2066 702 2107 odio
730 2069 937 2107 nascitur.
998 2067 1167 2108 Verum
1187 2066 1253 2123 II,
1273 2067 1352 2108 96:
1384 2065 1608 2123 „Promisi
1634 2066 1823 2113 ultorem
1846 2069 1892 2110 et
1914 2062 2059 2109 verbis
2087 2061 2188 2107 odia
2215 2078 2369 2121 aspera
2389 2063 2548 2117 movi,“

367 2133 508 2190 magis
543 2133 707 2176 arridet
734 2135 968 2189 explicare:
1002 2135 1118 2175 faeta
1147 2134 1237 2175 odii
1265 2133 1427 2190 asperi,
1460 2133 1522 2175 ita
1551 2141 1602 2176 ut
1629 2147 1682 2177 ea
1709 2145 1820 2191 quae
1847 2136 2094 2190 sequuntur
2129 2129 2267 2175 fusius
2298 2129 2547 2188 clariusque

365 2207 599 2259 exponant,
632 2201 832 2257 quamvis
852 2209 970 2244 certa
997 2217 1085 2244 non
1114 2203 1171 2245 sit
1200 2217 1282 2244 res.
1325 2201 1553 2254 V11,-298=
1583 2208 1673 2256 „at,
1700 2200 1845 2255 credo,
1875 2214 1972 2242 mea
1999 2199 2175 2241 numina
2203 2198 2381 2242 tandem
2409 2198 2546 2245 Fessa

360 2271 528 2328 Jacent,
558 2268 672 2314 odiis
702 2275 776 2313 aut
804 2275 1055 2312 exsaturata
1082 2269 1230 2325 quievi
1240 2272 1283 2319 ;“
1313 2267 1475 2323 pendet
1501 2268 1603 2311 inde
1629 2268 1889 2327 explicatio,
1918 2274 2066 2308 utrum
2095 2266 2333 2310 habeamus
2362 2266 2547 2309 verbum

367 2337 490 2394 quod
518 2342 587 2382 est
613 2336 727 2382 odiis
757 2352 839 2394 pro
868 2335 1059 2380 ablativo
1088 2335 1374 2380 restrictionis
1408 2352 1465 2378 an
1494 2333 1797 2390 instrumenti,
1838 2335 1918 2390 qui
1952 2341 2186 2388 vocantur,
2224 2349 2325 2375 nam
2354 2333 2392 2375 si
2421 2334 2547 2389 prius

365 2406 600 2460 sumimus,
644 2403 891 2462 explicandi
928 2403 1039 2447 ratio
1082 2403 1203 2461 prior
1246 2408 1315 2446 est
1357 2402 1450 2446 veri
1495 2401 1674 2458 similis,
1711 2402 1752 2447 si
1783 2401 2005 2458 posterius
2041 2401 2182 2457 magis
2225 2401 2369 2457 placet
2408 2400 2547 2443 altera

366 2478 590 2516 statuatur
618 2473 731 2514 ratio
761 2484 938 2519 necesse
967 2481 1044 2515 est.
1060 2496 1115 2503 —
1135 2471 1258 2514 irae.
1317 2469 1381 2525 II,
1402 2470 1505 2513 381:
1534 2468 1852 2526 „trepidusque
1873 2475 2053 2525 repente
2077 2468 2241 2525 refugit
2259 2467 2547 2510 Attollentem

363 2539 454 2582 iras
489 2546 533 2581 et
568 2539 741 2581 caerula
781 2538 896 2579 colla
938 2541 1224 2580 tumentem.“
1283 2536 1580 2594 Cogitandum
1615 2549 1711 2580 esse
1744 2535 1802 2579 de
1836 2542 2044 2580 nascente
2079 2534 2237 2578 affeetu
2273 2534 2372 2590 ipso
2411 2548 2547 2589 quum

366 2611 465 2648 tota
493 2606 711 2650 sententia
739 2611 835 2647 tum
864 2604 1140 2647 attollentem
1170 2604 1435 2647 vocabulum
1463 2603 1748 2647 demonstrat.
1805 2602 1886 2659 IV,
1915 2604 2014 2646 197:
2042 2601 2277 2657 „Protinus
2306 2600 2362 2643 ad
2397 2615 2545 2659 regem

318 2666 323 2672 ⁸
365 2687 524 2718 cursus
552 2673 785 2730 detorquet
813 2670 846 2715 J
848 2671 1000 2727 arban,
1028 2671 1317 2728 Incenditque
1345 2671 1538 2715 animum
1570 2670 1702 2715 dictis
1729 2676 1861 2727 atque
1894 2676 2078 2728 aggerat
2117 2671 2250 2713 iras.“
2307 2668 2416 2723 VII,
2439 2668 2543 2713 345:

364 2739 542 2799 „Quam
585 2756 721 2798 super
762 2740 955 2784 adventu
991 2739 1210 2783 Teucrum
1251 2739 1480 2794 Turnique
1512 2737 1768 2796 hymenaeis
1799 2738 2030 2782 Femineae
2058 2738 2279 2780 ardentem
2323 2749 2543 2790 curaeque

362 2809 543 2865 iraeque
572 2808 866 2864 coquebant.“
924 2809 1029 2852 445:
1059 2806 1272 2864 „Talibus
1293 2806 1470 2851 Allecto
1498 2804 1632 2850 dictis
1648 2804 1823 2849 ‘exarsit
1847 2806 1896 2849 in
1924 2806 2056 2849 iras.“
2106 2803 2239 2859 VIII,
2259 2804 2336 2846 40:
2364 2809 2542 2857 „tumor

2235 2882 2259 2918 6
