2952 3777
1290 274 1635 332 ᾦξε.-ὅ

366 420 500 467 batur
533 415 736 467 recedere
757 418 996 485 voluerit,
1010 417 1169 463 deinde
1198 416 1345 478 quod,
1376 414 1590 475 quntum
1617 414 1838 474 equidem
1850 416 1963 472 scio,
1998 429 2089 459 una
2120 420 2290 459 tantum
2318 415 2465 474 imago
2494 414 2554 459 ad

367 495 566 535 nostrum
593 490 769 545 tempus
797 486 1014 544 pervenit,
1043 488 1156 543 quae
1180 498 1335 529 revera
1351 484 1472 530 d'ua's
1492 483 1662 541 aquilis
1688 481 1880 538 exhibet,
1908 497 2006 527 eam
2031 483 2134 527 dieo
2167 497 2299 538 quam
2317 482 2554 526 adumbra-

366 561 457 601 tam
476 557 644 601 habes
625 570 677 599 ιιι
695 553 931 610 Wieseleri
958 553 1251 597 monumentis
1270 551 1380 597 artis
1405 551 1612 609 antiquae
1631 549 1698 608 11,
1706 549 1802 594 tab.
1816 549 1992 608 LXIV,
2009 550 2095 594 832
2113 551 2190 608 (cf.
2213 551 2346 594 etiam
2351 543 2424 593 Ο.
2438 548 2554 593 Jah-

366 624 432 668 nii
451 621 636 683 symbol.
655 620 870 666 archaeol.
890 637 936 680 p.
951 621 1036 665 226
1055 622 1180 680 seq..)
1227 619 1318 665 Hic
1335 632 1442 665 vero
1462 624 1598 678 quum
1625 584 1852 663 videamus
1872 616 2183 663 Prometheum
2202 618 2305 677 rupi
2323 617 2555 677 alligatum

368 696 414 735 et
441 706 566 736 avem
599 689 818 749 quandam
845 690 1015 734 viscera
1048 690 1140 748 ejus
1176 688 1456 744 adedentem,
1492 688 1622 737 aliam
1656 693 1803 732 autem
1831 686 2025 745 aquilam
2060 702 2114 731 ex
2148 702 2248 732 aere
2276 686 2556 732 devolantem

368 758 657 816 Titanemque
684 763 927 816 petentem,
963 758 1180 801 incertum
1209 763 1297 812 est,
1334 772 1392 800 an
1421 754 1692 800 continuatio
1721 768 1890 812 poenae
1918 753 2002 797 hac
2028 769 2076 797 re
2105 755 2394 813 significetur,
2432 760 2484 798 ut
2516 754 2556 798 si

368 826 454 870 alia
481 827 626 870 dirum
656 840 769 883 opus
797 826 911 870 fessa
940 825 1146 879 remittit,
1174 825 1261 868 alia
1286 824 1332 867 in
1360 824 1507 868 locum
1536 821 1706 868 subeat.
1764 821 1923 879 Neque
1958 822 2005 865 in
2035 823 2292 866 universum
2315 823 2420 866 huic
2447 824 2558 865 ima-

370 894 464 951 gini
493 894 682 938 multum
710 893 990 937 tribuendum
1019 899 1087 937 est
1115 891 1198 950 (W
1197 893 1368 945 ieseler,
1389 891 1570 935 adnotat
1586 896 1690 949 pag.
1711 890 1798 946 19).
1845 889 1915 932 Ea
1943 906 2064 944 vero,
2090 905 2208 950 quae
2237 897 2282 934 et
2309 891 2406 948 ipsa
2433 891 2556 948 apud

370 960 666 1006 Wieselerum
693 961 911 1006 invenitur
930 960 994 1016 ΙΙ,
1009 959 1184 1016 LXIV,
1205 959 1289 1004 825
1319 958 1473 1017 (Jahn,
1491 958 1633 1019 222⁹
1647 959 1773 1016 seq.),
1804 973 1939 1015 quum
1967 973 2109 1015 neque
2139 957 2250 1003 duas
2280 973 2384 1003 aves
2413 973 2557 1016 neque

370 1029 516 1086 ipsum
545 1028 857 1073 Prometheum
892 1034 1011 1073 certo
1040 1027 1273 1085 praebeat,
1306 1024 1364 1071 a'd
1390 1031 1585 1070 nostrum
1613 1026 1756 1070 locum
1785 1040 1841 1070 ne
1870 1025 2005 1070 ullius
2035 1025 2212 1082 quidem
2240 1026 2448 1071 momenti
2476 1032 2556 1071 est.

371 1097 435 1139 At
463 1096 661 1141 similiter
697 1097 851 1141 eadem
886 1111 955 1140 res
993 1096 1249 1155 designatur
1283 1094 1404 1153 apud
1433 1093 1713 1153 Propertium
1738 1093 1826 1146 111,
1848 1095 1920 1149 20,
1942 1096 2016 1138 14:
2055 1092 2314 1151 „Gorgonis
2345 1101 2390 1139 et
2419 1096 2556 1140 satius

371 1164 456 1208 fuit
482 1164 772 1209 obdurescere
799 1165 943 1220 vultu,
973 1162 1207 1210 Caucasias
1236 1165 1365 1208 etiam
1392 1165 1432 1207 si
1459 1173 1708 1220 pateremur
1731 1177 1845 1207 aves.
1848 1167 1878 1190 “
1897 1162 2144 1206 —Umbra
2172 1163 2399 1220 pluraliter
2425 1173 2557 1208 usur-

372 1237 526 1289 patur,
563 1232 601 1276 si
637 1232 807 1275 indicat
835 1233 998 1275 mortui
1034 1250 1086 1275 ει
1058 1236 1184 1274 ''30270
1162 1250 1210 1275 01
1248 1232 1321 1275 vel
1352 1232 1497 1274 visum
1526 1230 1748 1287 quoddam
1783 1231 1829 1273 in
1859 1231 2039 1275 somniis
2072 1231 2263 1274 obvium.
2322 1233 2378 1274 A.
2399 1231 2457 1286 V,
2479 1233 2557 1274 81·

372 1299 562 1356 „iterum
599 1300 766 1344 salvete
806 1301 969 1357 recepti
1008 1295 1289 1357 Nequiquam
1330 1298 1498 1343 cineres
1545 1300 1799 1356 animaeque
1833 1299 2146 1356 umbraeque
2180 1302 2446 1357 paternae,“
2471 1314 2558 1357 quo

372 1368 473 1411 loco
493 1369 624 1411 etiam
649 1368 696 1410 in
717 1368 980 1410 vocabulum
1010 1367 1132 1424 quod
1162 1374 1230 1411 est
1250 1368 1416 1410 animae
1445 1367 1557 1410 illud
1577 1367 1785 1422 horroris,
1815 1367 1966 1424 quod'
1953 1383 1998 1409 ιιι
2026 1368 2194 1411 umbris
2213 1368 2341 1424 inest,
2371 1369 2560 1412 transiit.

376 1434 458 1489 VI,
474 1436 581 1478 510.
606 1435 805 1491 „Omnia
823 1435 1059 1491 Deiphobo
1079 1435 1248 1478 solvisti
1269 1443 1314 1477 et
1340 1435 1501 1478 funeris
1521 1434 1732 1478 umbris-‘⁴
1772 1434 1953 1489 X,519:
1985 1435 2196 1490 „inferias
2226 1449 2338 1491 quos
2368 1436 2562 1477 immolet

375 1502 575 1546 umbris“
605 1503 773 1558 quippe
801 1501 1026 1545 Pallantis.
1069 1501 1153 1557 XI,
1170 1503 1245 1545 81:
1275 1500 1523 1557 „Vinxerat
1542 1507 1586 1545 et
1616 1506 1719 1559 post
1737 1507 1864 1560 terga
1893 1517 2068 1557 manus,
2103 1516 2213 1559 quos
2242 1501 2437 1545 mitteret
2466 1517 2560 1544 um-

376 1569 469 1612 bris
499 1569 730 1613 Inferias.“
789 1570 871 1623 IV,
893 1571 998 1611 571:
1033 1570 1178 1624 „Tum
1213 1585 1317 1613 vero
1353 1574 1522 1613 Aeneas
1556 1569 1717 1612 subitis
1755 1570 1990 1612 exterritus
2033 1568 2228 1613 umbris“
2263 1569 2320 1612 de
2348 1570 2560 1612 Mercurii

376 1643 594 1679 nocturno
624 1638 737 1681 visu.
759 1664 809 1668 —
833 1637 1012 1680 Donum
1042 1637 1325 1692 vocabulum,
1361 1652 1498 1693 quum
1527 1636 1701 1693 saepius
1727 1636 1949 1692 pluralem
1979 1653 2207 1680 numerum
2236 1652 2342 1693 prae
2371 1653 2418 1682 se
2448 1637 2561 1680 ferat

377 1702 434 1745 ad
471 1702 753 1746 indicandam
787 1720 878 1746 rem
905 1704 1117 1759 divinam,
1152 1704 1416 1761 plerumque
1450 1710 1598 1747 tamen
1626 1703 1876 1760 hujusmodi
1906 1703 2169 1760 adjectivum
2204 1704 2274 1747 vel
2304 1705 2562 1748 attributum

377 1785 524 1814 secum
554 1770 699 1815 habet.
757 1769 815 1815 G.
840 1770 925 1827 IV,
955 1774 999 1815 1:
1027 1770 1264 1827 „Protinus
1300 1772 1404 1816 aerii
1441 1770 1581 1815 mellis
1617 1771 1816 1816 caelestia
1854 1770 1989 1816 dona
2025 1771 2298 1828 Exsequar!
2354 1771 2438 1827 IV,
2463 1773 2563 1834 520ἶ

378 1839 538 1895 „inrita
565 1838 684 1884 Ditis
715 1838 873 1895 dona,“
902 1840 1127 1884 concessio
1154 1839 1428 1901 intellegitur
1454 1839 1708 1897 Eurydicen
1737 1839 1793 1883 ad
1823 1854 2004 1897 superos
2032 1840 2285 1885 reducendi.
2332 1841 2389 1884 A.
2406 1840 2471 1895 Π,
2486 1841 2564 1897 361;

376 1907 569 1966 „pelago
590 1907 792 1952 Danaum
824 1908 1006 1954 insidias
1025 1914 1314 1966 suspectaque
1342 1906 1455 1952 dona
1474 1907 1771 1965 Praecipitare
1793 1907 1982 1965 jubent“
2002 1923 2163 1964 equum
2183 1910 2406 1963 nimirum,
2435 1923 2566 1965 quem

379 1975 575 2020 Palladis
598 1977 724 2034 jussu
757 1983 1062 2020 exstruxerant
1090 1975 1266 2019 Graeci.
1326 1973 1604 2032 Quamquam
1630 1976 1784 2033 paullo
1812 1990 1951 2033 supra
1968 1992 2009 2018 v.
2036 1978 2089 2019 31
2121 1977 2389 2035 singularem
2418 1978 2567 2035 posuit

379 2049 526 2101 poeta,
545 2044 822 2088 metricredo
843 2045 1100 2089 necessitate
1125 2051 1323 2088 coactus:
1353 2042 1493 2098 „Pars
1513 2049 1663 2101 stupet
1681 2044 1893 2101 innuptae
1913 2043 2076 2088 donum
2097 2046 2270 2089 exitiale
2289 2045 2565 2098 Minervae;“

379 2126 482 2154 nam
501 2127 544 2154 v.
567 2113 649 2155 189
669 2127 821 2156 rursus
840 2112 1047 2170 legimus:
1076 2112 1220 2167 „Nam
1240 2113 1278 2156 si
1297 2118 1442 2156 vestra
1460 2126 1610 2156 manus
1629 2112 1838 2155 violasset
1857 2111 1973 2154 dona
1994 2112 2270 2156 Minervae.“
2315 2111 2445 2168 VIII,
2462 2113 2564 2155 729:

381 2180 540 2235 „Talia
576 2195 657 2236 per
684 2180 873 2235 clipeum
904 2179 1112 2233 Volcani,
1149 2179 1268 2222 dona
1297 2180 1511 2236 parentis,
1539 2179 1772 2222 Miratur.“
1829 2176 1917 2221 Sed
1949 2178 2034 2233 VI,
2059 2181 2163 2222 632:
2192 2180 2350 2235 „Haec
2378 2179 2455 2222 ubi
2484 2194 2565 2223 nos

380 2252 615 2303 praecepta
638 2247 798 2302 jubent
827 2247 1049 2301 deponere
1078 2246 1224 2289 dona“
1252 2247 1347 2289 solo
1375 2246 1535 2301 plurali
1564 2245 1786 2288 indicatur
1811 2260 1956 2288 ramus
1992 2261 2152 2289 aureus
2181 2246 2333 2289 divina
2361 2246 2405 2288 vi
2435 2262 2565 2303 prae-

288 2359 291 2362 ,
381 2313 502 2358 ditus
537 2314 911 2369 Proserpinaeque
947 2319 1244 2366 consecratus3
1285 2327 1428 2367 neque
1459 2312 1588 2356 aliter
1622 2319 1902 2369 comparatus
1938 2319 2004 2357 est
2038 2313 2163 2356 locus
2199 2312 2264 2369 X,
2295 2314 2401 2357 882:
2436 2330 2567 2370 „nam

380 2382 508 2425 venio
529 2381 768 2425 moriturus
797 2387 841 2424 et
869 2381 977 2424 haec
1005 2380 1087 2423 tibi
1117 2386 1249 2437 porto
1279 2380 1409 2423 Dona
1434 2380 1611 2436 prius‚“
1640 2394 1760 2424 mors
1789 2381 1905 2424 enim
1933 2381 2220 2439 intellegitur.
2279 2382 2334 2426 cf.
2356 2379 2440 2425 Ov.
2460 2382 2571 2425 Met.

379 2449 466 2506 IV,
494 2449 598 2492 757:
637 2445 874 2504 „Protinus
912 2448 1228 2492 Andromedan
1263 2455 1308 2493 et
1340 2448 1453 2492 tanti
1486 2449 1726 2505 praemia
1760 2448 1867 2493 facti
1896 2448 2110 2493 Indotata
2146 2450 2294 2507 rapit“
2330 2455 2375 2494 et
2404 2449 2462 2504 V,
2489 2450 2567 2502 253

383 2517 483 2562 Cat.
508 2518 579 2573 64,
598 2517 699 2569 157;
719 2531 982 2573 quamquam
1010 2516 1176 2574 aliquid
1204 2517 1339 2561 divini
1376 2531 1461 2560 non
1489 2521 1729 2573 spectatur.
1757 2545 1806 2551 -
1830 2515 1937 2561 Huc
1966 2518 2120 2574 ignes
2148 2532 2324 2574 quoque
2351 2517 2568 2562 referendi

382 2591 496 2630 sunt.
530 2585 587 2628 A.
609 2584 672 2640 11,
689 2585 791 2627 686:
814 2584 943 2640 „Nos
966 2584 1118 2643 pavidi
1137 2584 1357 2643 trepidare
1383 2589 1504 2628 metu
1528 2585 1782 2642 crinemque
1802 2584 2058 2644 flagrantem
2082 2586 2305 2630 Excutere
2331 2591 2375 2629 et
2395 2592 2569 2631 sanctos

383 2654 657 2712 restinguere
675 2652 870 2696 fontibus
889 2652 1057 2710 ignes.“
1100 2652 1236 2709 VIII,
1253 2654 1358 2697 5422
1389 2652 1481 2708 „Et
1501 2653 1692 2711 primum
1714 2652 1947 2698 Herculeis
1973 2654 2139 2712 sopitas
2159 2653 2336 2712 ignibus
2356 2668 2454 2698 aras
2475 2654 2569 2697 Ex-

383 2723 536 2766 citat.“
577 2721 639 2777 X,
658 2722 740 2764 177
749 2738 759 2763 :
786 2721 927 2777 „caeli
947 2721 1019 2764 cui
1038 2720 1185 2765 sidera
1203 2727 1361 2779 parent
1378 2721 1442 2764 Et
1459 2721 1636 2779 linguae
1650 2720 1883 2765 'volucrum
1902 2728 1946 2765 et·
1964 2723 2162 2780 praesagi
2181 2722 2376 2768 fulminis
2394 2722 2571 2780 ignes.“

385 2789 469 2834 Ov.
484 2790 595 2834 Met.
611 2789 677 2844 Π,
699 2790 802 2832 396:
831 2790 1019 2845 „missos
1048 2804 1226 2845 quoque
1250 2789 1429 2846 Jupiter
1456 2789 1580 2847 ignes
1608 2788 1840 2843 Ειςιιιειιίιιι
1875 2789 2039 2832 fulmen
2068 2805 2157 2846 quo
2186 2790 2471 2833 Phaetontem
2496 2791 2568 2847 ja-

384 2857 555 2902 culatus
582 2862 662 2900 est.
705 2857 809 2900 849:
838 2857 953 2911 „Ille
981 2862 1107 2913 pater
1135 2862 1368 2912 rectorque
1398 2855 1528 2900 deum
1548 2856 1805 2916 cui-dextra
1834 2856 2025 2901 trisulcis
2044 2857 2228 2914 Ignibus
2256 2863 2424 2900 armata
2452 2860 2567 2901 θεῶ*

497 2920 603 2978 Sed,
630 2928 681 2966 ut
704 2924 796 2980 jam
824 2923 1000 2981 longius
1029 2923 1310 2982 progrediar,
1339 2938 1429 2967 non
1458 2938 1637 2969 necesse
1663 2929 1732 2969 est
1759 2924 1886 2982 ignes
1910 2939 2083 2981 semper
2109 2924 2252 2968 valere
2279 2924 2426 2982 ignem
2453 2923 2567 2968 divi-

385 3003 511 3044 num:
547 3004 649 3033 nam
685 2997 873 3047 possunt
901 2992 1032 3036 etiam
1069 2991 1222 3036 extolli
1251 2991 1410 3050 plurali
1445 2992 1646 3036 notiones
1678 3005 1793 3048 quae
1828 2992 1978 3035 insunt
2011 2991 2180 3036 ardoris
2218 2990 2288 3036 vel
2317 2991 2570 3050 splendoris
