2952 3777
1280 304 1623 371 -29’-

365 464 607 508 cumque
633 450 752 496 fores
780 457 827 496 et
853 450 1037 510 pervius
1059 464 1166 497 usus
1186 449 1426 496 Tectorum
1434 450 1562 494 inter
1576 463 1628 494 se
1645 445 1860 505 Priami.“
1908 448 2016 493 4893
2044 446 2191 504 ,,Τιιιιι
2212 447 2399 505 pavidae
2415 449 2545 494 tectis

364 525 526 564 matres
559 518 813 577 ingentibus
848 520 1040 563 οἰϊειιιι.ιι
1096 514 1188 562 Sed
1219 528 1272 562 ut
1302 509 1702 581 frequentissimum
1733 522 1950 561 tectorum
1981 530 2130 571 usum,
2162 529 2218 560 a
2251 529 2342 572 quo
2370 514 2550 559 domum

364 586 438 630 vel
466 585 599 630 aedes
622 578 885 645 significant,
914 583 1125 644 exemplis
1153 580 1405 644 probemus,
1431 581 1540 631 haec
1556 576 1804 645 sufficiant:
1833 582 1899 641 11,
1914 585 2016 628 6723
2046 584 2323 643 „clipeoque
2326 583 2550 629 sinistram

365 652 640 699 Insertabam
659 655 827 713 aptans
843 669 1001 711 meque
1019 661 1144 699 extra
1170 659 1288 699 tecta
1305 653 1513 699 ferebam.
1515 656 1546 682 ‘⁴
1586 640 1722 719 VIJI,
1735 653 1840 699 5843
1869 653 2052 709 „famuli
2081 653 2340 709 conlapsum
2367 653 2415 695 in
2433 658 2553 696 tecta

365 722 610 765 ferebant.“
666 721 750 778 VI,
774 722 848 765 133
890 720 955 778 J
955 737 1027 766 am
1067 720 1256 767 subeunt
1282 721 1459 780 Triviae
1492 721 1618 769 lucos
1651 727 1783 786 atque
1816 735 1952 765 aurea
1982 727 2109 765 tecta.
2109 725 2138 748 ‘⁶
2195 721 2298 764 5233
2326 720 2554 780 „Egregia

274 824 278 827 .
365 790 536 834 interea
564 791 753 848 conjunx
780 805 900 833 arma
927 790 1072 834 omnia
1100 790 1227 834 tectis
1254 777 1489 834 Amovet.“
1530 788 1639 844 VII,
1655 792 1730 835 12·
1757 788 1961 846 „Dives
1948 802 2193 832 inaccessos
2222 788 2300 831 ubi
2329 786 2446 833 Solis
2463 788 2554 833 filia

366 857 487 903 lucos
520 857 726 902 Adsiduo
763 865 940 902 resonat
974 863 1104 902 cantu
1139 858 1356 917 tectisque
1391 855 1624 916 superbis“
1659 864 1742 904 cet.
1800 858 1870 901 77.
1888 857 1984 902 168.
1998 857 2096 900 413.
2112 857 2209 900 500.
2248 854 2346 900 Cat.
2363 857 2435 934 64,
2449 857 2552 901 2463

368 924 474 981 „Sic
518 912 693 970 funesta
729 924 885 970 domus
926 928 1152 984 ingressus
1188 929 1347 970 tecta.“
1403 925 1554 970 Aliter
1573 965 1576 969 ,
1593 941 1696 970 vero
1740 927 1814 970 753
1859 925 2056 984 „attigit
2101 925 2253 969 iniusti
2294 925 2413 982 regis
2435 923 2554 969 Gor-

367 993 492 1050 tynia
526 999 645 1037 tecta
654 996 699 1048 ,“
744 993 801 1036 ad
838 1008 968 1050 quem
1014 994 1161 1037 locum
1192 994 1247 1037 of.
1271 992 1359 1038 Ov.
1381 993 1490 1036 Met.
1515 991 1600 1048 IV,
1615 993 1690 1037 863
1725 991 1960 1049 „Cumque
2003 992 2136 1036 domo
2180 992 2383 1046 exierint,
2427 992 2553 1036 urbis

369 1075 542 1120 quoque
561 1067 677 1104 tecta
701 1060 994 1116 relinquant.“
1037 1062 1101 1103 At
1121 1061 1244 1116 quod
1273 1066 1342 1105 est
1369 1061 1425 1103 A.
1441 1059 1503 1115 X,
1518 1061 1564 1104 5:
1593 1059 1877 1116 „Considunt
1895 1060 2025 1104 tectis
2041 1059 2385 1118 bipatentibus,“
2414 1075 2554 1121 unum

372 1128 575 1172 conclave
607 1127 895 1186 intellegitur,
930 1127 1112 1186 pluralis
1141 1143 1248 1172 vero
1277 1128 1513 1186 quantitati
1546 1127 1774 1187 augendae
1807 1129 2008 1184 inservit,
2044 1134 2181 1184 atque
2216 1128 2412 1172 conferas
2441 1143 2552 1184 quae

373 1211 509 1253 supra
542 1195 597 1239 de
637 1196 759 1241 atriis
794 1196 1136 1253 exponebantur.
1167 1222 1222 1229 —
1251 1195 1367 1240 Cum
1401 1197 1531 1241 tectis
1566 1211 1653 1240 non
1689 1196 1836 1254 inepte
1870 1198 2198 1254 conjunguntur
2226 1194 2425 1240 domus.
2483 1196 2554 1239 Ac

372 1264 532 1308 dicitur
546 1263 679 1321 hujus
698 1263 819 1307 verbi
846 1263 1030 1320 pluralis
1045 1270 1122 1307 aut
1140 1263 1412 1322 singulorum
1431 1263 1701 1308 conclavium
1720 1263 1890 1308 ratione
1909 1263 2074 1321 habita,
2095 1269 2146 1307 ut
2164 1263 2224 1318 II,
2241 1263 2346 1306 6353
2374 1264 2555 1319 „Atque

370 1331 447 1375 ubi
470 1333 564 1389 jam
593 1331 759 1388 patriae
789 1338 1046 1388 perventum
1075 1331 1132 1375 ad
1158 1331 1309 1375 limina
1337 1330 1454 1377 sedis
1473 1331 1783 1389 Antiquusque
1812 1331 2015 1385 dom0s;“
2044 1338 2123 1375 aut
2151 1347 2205 1375 ex
2232 1331 2389 1375 eodem
2417 1347 2554 1386 more,

371 1415 460 1454 quo
503 1399 738 1456 speluncae
776 1400 845 1442 vel
876 1406 1023 1442 antra:
1060 1399 1098 1453 I,
1127 1401 1226 1443 1403
1261 1405 1413 1454 „tenet
1448 1399 1524 1443 ille
1564 1400 1769 1449 immania
1803 1413 1910 1444 saxa
1940 1398 2143 1456 Vestras,
2180 1399 2319 1455 Eure,
2356 1398 2555 1442 domos.“

371 1465 429 1510 G.
455 1466 540 1521 IV,
564 1468 668 1511 446:
711 1466 861 1522 „Nam
898 1467 997 1523 quis
1033 1472 1097 1520 te,
1130 1468 1345 1524 juvenum
1383 1466 1774 1524 confidentissime,
1814 1474 1986 1513 nostras
2021 1467 2164 1512 Jussit
2200 1466 2322 1511 adire
2354 1467 2556 1511 domos-‘⁴

372 1534 517 1590 Quem
544 1535 590 1578 in
619 1533 797 1578 modum
828 1533 947 1591 apud
970 1532 1183 1578 Ovidium
1213 1536 1343 1578 etiam
1371 1534 1553 1579 thalami
1579 1535 1808 1579 dicuntur:
1836 1535 1944 1580 Met.
1960 1535 2023 1592 Π,
2039 1537 2142 1579 7973
2172 1534 2293 1591 „Sed
2320 1542 2552 1592 postquam

369 1603 584 1647 thalamos
612 1602 793 1646 intravit
821 1600 1019 1659 Cecrope
1048 1607 1219 1646 natae.“
1275 1601 1357 1657 IV,
1374 1603 1477 1647 2183
1508 1603 1752 1659 „thalamos
1781 1603 1890 1647 deus
1919 1604 2054 1647 intrat
2083 1607 2295 1647 amatos.“
2346 1602 2553 1652 Ceterum

370 1671 427 1714 de
456 1671 541 1713 alio
572 1670 773 1713 vocabuli
801 1669 954 1713 domus
983 1684 1065 1714 usu
1095 1671 1140 1713 in
1168 1672 1209 1727 ξ.
1233 1672 1272 1726 1,
1291 1672 1312 1714 1
1344 1670 1526 1729 egimus.
1555 1698 1612 1706 —

487 1737 641 1782 Solere
669 1738 809 1780 multa
837 1737 986 1794 verba,
1017 1753 1129 1794 quae
1159 1739 1349 1794 spatium
1373 1737 1597 1794 quoddam
1625 1738 1693 1782 vel
1720 1736 1866 1782 locum
1896 1737 2143 1797 designent,
2173 1738 2401 1796 pluraliter
2425 1752 2556 1782 usur-

370 1806 466 1864 pari
501 1804 771 1863 singularum
807 1804 998 1861 partium
1035 1802 1242 1869 respectu*
1264 1806 1470 1862 quoniam
1507 1805 1656 1864 paullo
1683 1811 1786 1850 ante
1807 1806 1919 1864 jeci,
1949 1808 2040 1864 jam
2070 1805 2269 1863 pluribus
2303 1806 2559 1863 probandus

372 1880 439 1918 est
473 1873 545 1916 hic
580 1887 699 1917 usus.
756 1871 957 1926 Quorum
992 1888 1104 1928 quae
1144 1880 1249 1915 sunt
1282 1881 1454 1917 terrae
1490 1874 1610 1917 loca
1645 1874 1730 1917 alia
1765 1874 1975 1930 exemplis
2008 1874 2227 1918 illustrare
2262 1888 2352 1916 non
2384 1873 2560 1917 videtur

373 1956 484 1998 opus
514 1955 620 1984 esse.
668 1938 785 1982 Nam
815 1953 928 1994 quae
956 1939 1173 1984 accedunt
1193 1940 1356 1997 plurali
1385 1942 1532 1997 posito
1559 1941 1901 2000 significationes
1920 1941 2187 1995 subtiliores,
2215 1956 2296 1997 per
2322 1956 2369 1985 se
2390 1948 2561 1998 patent,

372 2014 425 2052 ut
453 2007 699 2064 copiosiore
720 2006 776 2049 de
804 2008 857 2051 iis
879 2007 1176 2063 disputatione
1205 2008 1491 2065 supersedere
1512 2009 1752 2065 possimus,
1779 2007 2057 2065 sufficiatque
2085 2008 2285 2052 attulisse
2314 2008 2558 2065 exemplum

373 2074 634 2130 G.11,·274:
664 2074 731 2129 „si
750 2074 927 2132 pinguis
956 2089 1113 2131 agros
1141 2073 1364 2118 metabere
1394 2076 1538 2132 campi
1557 2074 1708 2119 Densa
1734 2078 1872 2129 sere,“
1901 2090 1990 2131 quo
2019 2074 2116 2117 loco
2145 2075 2306 2130 plurali
2331 2075 2562 2118 extollitur

285 2205 295 2211 t
372 2142 566 2186 metandi
595 2141 730 2184 notio.
775 2141 873 2184 Nec
903 2156 956 2184 re
964 2156 1068 2199 gna
1097 2155 1221 2186 secus
1244 2156 1291 2185 se
1319 2141 1495 2198 habent,
1525 2156 1712 2199 quorum
1731 2140 2074 2200 magnitudinem
2104 2141 2225 2184 haud
2248 2156 2353 2184 raro
2373 2142 2560 2197 pluralis

371 2210 551 2253 indicat.
609 2212 664 2251 A.
692 2208 800 2262 VII,
823 2209 906 2250 217
917 2226 927 2250 3
964 2209 1113 2265 „pulsi
1148 2210 1319 2266 regnis,
1365 2224 1477 2265 quae
1513 2209 1701 2252 maxima
1744 2208 1969 2266 quondam
2005 2208 2216 2252 Extremo
2263 2209 2441 2255 veniens
2477 2209 2556 2255 Sol

373 2270 622 2335 aspiciebat
645 2272 883 2333 Olympo.“
942 2275 996 2318 cf.
1049 2275 1146 2318 313.
1177 2277 1274 2319 578.
1305 2277 1402 2319 735.
1454 2276 1588 2334 VIII,
1620 2277 1716 2320 157.
1753 2278 1851 2321 244.
1889 2278 1986 2321 320.
2012 2279 2111 2320 471.
2147 2277 2230 2319 507
2266 2282 2349 2320 cet.
2379 2304 2435 2311 —
2465 2277 2556 2323 Sed

373 2343 655 2388 admirandus
686 2351 752 2388 est
780 2343 980 2388 vocabuli
1011 2343 1128 2401 quod
1157 2351 1224 2388 est
1253 2344 1416 2388 litora
1444 2360 1552 2389 usus
1583 2345 1946 2404 elegantissimus.
2004 2345 2081 2389 Ad
2117 2359 2249 2402 quem
2285 2345 2324 2389 si
2353 2347 2562 2403 inspicias

372 2413 494 2457 locos
526 2411 680 2470 quales
708 2418 813 2456 sunt
842 2411 930 2466 III,
953 2412 1056 2457 643:
1086 2410 1306 2468 „Centum
1335 2413 1409 2456 alii
1439 2428 1571 2457 curva
1598 2412 1707 2457 haec
1734 2412 1936 2457 habitant
1971 2413 2029 2456 ad
2059 2414 2190 2456 litora
2219 2413 2351 2471 volgo
2380 2413 2559 2458 Infandi

375 2480 638 2539 Cyclopes.“
697 2482 799 2525 6913
829 2480 984 2536 „Talia
1016 2479 1286 2524 monstrabat
1315 2480 1512 2539 relegens
1549 2493 1691 2526 errata
1725 2492 1947 2527 retrorsus
1980 2482 2139 2526 Litora
2166 2480 2563 2527 Achaemenides.“

373 2548 477 2603 VII,
505 2550 576 2592 10:
605 2547 841 2605 „Proxima
871 2548 1077 2593 Circaeae
1113 2548 1328 2592 raduntur
1356 2550 1485 2593 litora
1520 2551 1707 2593 terrae.“
1765 2548 1851 2606 VI,
1872 2553 1922 2593 43
1950 2552 2164 2606 „Ancora
2198 2548 2412 2593 fundabat
2435 2551 2559 2595 navis

375 2623 419 2660 et
445 2616 575 2659 litora
601 2631 759 2659 curvae
781 2615 1049 2660 Praetexunt
1077 2620 1293 2673 puppes.“
1338 2615 1436 2660 Cat.
1454 2618 1523 2670 64,
1539 2618 1612 2660 743
1642 2616 1895 2675 „Egressus
1916 2619 2062 2661 curvis
2094 2631 2118 2659 e
2146 2616 2350 2660 litoribus
2370 2616 2561 2660 Piraei.“

374 2685 430 2726 A.
453 2683 559 2738 VII,
583 2684 684 2726 7643
715 2682 965 2739 „Eductum
994 2684 1177 2742 Egeriae
1208 2683 1320 2728 lucis
1345 2682 1569 2728 humentia
1597 2684 1755 2729 circum
1785 2684 1988 2739 Litora,“
2016 2699 2230 2739 nusquam
2259 2685 2345 2726 vim
2374 2684 2558 2740 pluralis

375 2766 463 2794 non
485 2765 738 2808 cognosces,
759 2752 836 2807 qui
866 2751 1014 2806 efficit,
1042 2758 1091 2794 ut
1109 2751 1212 2795 litus
1231 2751 1361 2795 latius
1386 2757 1542 2808 patens
1570 2765 1622 2794 ac
1649 2765 1698 2796 se
1716 2751 1956 2796 extendens
1974 2757 2074 2794 ante
2105 2751 2257 2795 oculos
2286 2751 2412 2807 quasi
2431 2751 2558 2796 nobis

375 2825 577 2876 ponatur.
636 2818 735 2862 Nec
762 2833 865 2863 vero
896 2818 940 2862 in
970 2818 1040 2864 his
1069 2818 1436 2875 acquiescendum
1466 2826 1546 2863 est.
1603 2818 1782 2867 Etenim
1810 2818 1929 2863 haud
1957 2819 2108 2875 paucis
2136 2819 2245 2861 locis
2274 2819 2356 2862 hac
2384 2819 2556 2863 ratione

376 2886 596 2944 plurativa
625 2887 842 2929 sententia
870 2887 1096 2945 ingenioso
1126 2901 1229 2931 sane
1258 2886 1389 2931 modo
1419 2892 1666 2931 exornatur.
1709 2886 1828 2945 Nam
1852 2887 1890 2932 si
1910 2886 1999 2942 ΠΙ,
2016 2888 2097 2931 651
2127 2887 2331 2944 legimus:
2361 2885 2557 2942 „Omnia

378 2953 650 2998 conlustrans
686 2953 799 2997 hanc
834 2954 1024 3011 primum
1053 2955 1110 2998 ad
1138 2956 1267 2998 litora
1302 2955 1483 3001 classem
1511 2952 1731 3013 Conspexi
1759 2955 2047 3009 venientem,“
2083 2963 2213 3012 poeta
2249 2960 2300 2997 ut
2334 2954 2556 3012 pluralem

377 3028 561 3081 poneret
595 3037 645 3066 ea
669 3021 888 3067 adductus
917 3030 983 3067 est
1017 3023 1226 3081 imagine,
1265 3023 1386 3079 quod
1416 3021 1759 3067 Achaemenides
1795 3022 1874 3065 diu
1910 3022 2158 3079 speculatus
2188 3022 2366 3066 tandem
2401 3023 2556 3081 procul
