2952 3777
1252 282 1596 334 -,37-

332 409 518 470 legitur:
545 423 665 468 „quo
679 424 797 454 nune
812 410 1019 470 reginam
1018 409 1184 455 ambire
1199 410 1419 455 furentem
1434 408 1614 455 Audeat
1622 407 1806 454 adfatu?
1823 423 1941 467 quae
1953 410 2100 468 prima
2110 410 2295 454 exordia
2307 415 2512 457 οιιειιιῖιι

333 478 479 523 Aliter
503 477 772 523 Ladevious.
829 477 931 522 Sed
948 492 1038 536 quo
1067 477 1201 522 modo
1232 477 1353 522 Dido
1394 480 1569 523 Aeneae
1602 476 1834 523 oon-ilium
1864 483 2098 535 acceptura
2126 486 2264 533 esset,
2300 478 2356 523 de
2383 494 2435 523 ea
2462 493 2511 523 re

335 544 573 589 dubitare
558 559 656 602 ipse
680 560 768 588 non
787 551 974 602 poterat.
1031 543 1239 590 Ceterum
1259 545 1375 590 redit
1392 545 1668 590 enuntiatum·
1687 543 1789 600 423,
1814 543 1893 587 ubi
1911 551 2057 589 tamen
2076 544 2224 589 aditus
2247 551 2293 589 et
2318 552 2518 603 tempora

335 612 428 655 veri
469 612 663 668 plurales
700 611 890 656 habendi
933 618 1047 657 sunt.
1077 638 1136 646 —
1168 612 1253 668 IV,
1274 613 1388 657 694:
1416 612 1562 669 „Tum
1601 611 1724 657 June
1767 611 2041 668 omnipotens
2084 612 2267 676 longum
2311 611 2517 656 miserata

336 678 530 722 dolorem
559 678 867 737 Difficilesque
897 680 1083 724 obitus
1111 680 1220 723 Irim
1239 644 1446 725 demisit„
1453 674 1682 738 Olympo“
1709 677 1818 736 (den
1841 678 2068 723 schweren
2093 673 2432 739 Todeskampf).
2457 706 2516 714 —

338 744 478 790 Porro
506 745 596 791 huc
624 747 824 791 trahendi
860 754 962 793 sunt
994 747 1104 792 doli
1139 747 1395 805 saepissime
1424 747 1555 792 obvii.
1604 739 1745 812 Quod
1773 746 1955 791 verbum
1985 753 2036 789 ut
2065 747 2296 802 pluraliter
2323 756 2518 806 ponatur

339 828 413 857 res
441 814 540 871 ipsa
567 814 669 869 fert,
698 829 835 870 quum
864 815 1079 873 significet
1097 816 1260 858 factum
1283 815 1502 870 dolosum,
1530 814 1577 858 id
1596 829 1703 877 vero
1722 829 1779 858 ex
1797 820 1957 858 natura
1975 827 2057 857 sua
2076 815 2194 857 lente
2218 830 2270 857 ac
2289 812 2515 872 paullatim

337 879 567 937 procedat.
612 879 650 936 Ι,
675 881 779 925 6733
809 880 1059 937 „Quocirca
1093 897 1248 939 capere
1277 884 1377 926 ante
1414 882 1528 941 dolis
1556 888 1602 926 et
1631 882 1809 945 cingere
1837 880 2011 924 flamma
2039 880 2252 939 Reginam
2286 883 2487 937 meditor,
2491 888 2515 910 “

340 948 419 993 sed
450 948 507 993 de
537 948 689 993 eadem
719 964 767 993 re
795 949 1022 994 collective
1052 949 1185 994 modo
1214 949 1300 1006 IV,
1324 950 1401 994 95:
1432 949 1566 1006 „Una
1593 941 1697 995 dolo
1732 948 1883 994 divom
1919 950 1957 993 si
1992 948 2152 993 femina
2179 950 2297 994 victa
2326 949 2517 995 duorum

339 1020 446 1061 est.“
500 1016 538 1072 Ι,
560 1018 665 1061 6823
697 1017 794 1072 „Ne
833 1032 924 1075 qua
956 1018 1067 1063 scire
1104 1017 1232 1063 dolos
1269 1018 1495 1063 mediusve
1534 1032 1764 1064 occanere
1800 1017 1960 1076 possit,
1963 1021 1992 1045 “
2027 1016 2128 1062 vide
2165 1032 2297 1074 quam
2336 1018 2516 1077 egregie

343 1086 575 1127 conveniat
604 1086 785 1141 pluralis
815 1086 958 1129 medio
986 1087 1215 1130 vocabulo.
1267 1087 1329 1142 II,
1353 1087 1427 1130 62·
1457 1085 1576 1143 „Seu
1605 1100 1780 1132 versare
1816 1085 1944 1144 dolos
1975 1099 2054 1129 seu
2085 1093 2228 1129 certae
2257 1086 2517 1131 occumbere

343 1153 487 1194 morti.
492 1157 515 1179 “
559 1153 639 1207 IV,
659 1154 758 1197 128.
790 1154 988 1208 „Adnuit
1015 1160 1149 1211 atque
1180 1155 1295 1199 dolis
1316 1155 1415 1199 risit
1440 1153 1662 1214 Cytherea
1680 1154 1914 1214 repertis.“
1961 1154 2058 1197 296.
2079 1153 2176 1197 563.
2196 1154 2321 1197 al.—
2342 1155 2516 1199 Deinde

340 1221 720 1264 commemoranda
749 1228 854 1265 sunt
881 1223 947 1277 II,
962 1225 1066 1266 6433
1095 1224 1232 1278 „satis
1260 1239 1349 1266 una
1368 1238 1591 1280 superque
1606 1223 1812 1266 Vidimus
1839 1222 2053 1266 excidia
2082 1229 2127 1265 et
2154 1230 2308 1279 captae
2336 1238 2517 1280 supera-

339 1288 485 1331 vimus
504 1288 619 1331 urbi.
622 1293 650 1316 “
710 1289 813 1331 780:
840 1290 1031 1347 „Longa
1050 1291 1130 1333 tibi
1157 1291 1321 1334 exilia
1351 1296 1396 1333 et
1414 1297 1584 1335 vastum
1605 1291 1738 1334 maris
1758 1306 1924 1355 aequor
1944 1289 2198 1345 arandumff‘
2229 1304 2344 1345 quae
2364 1306 2519 1347 parum

342 1362 545 1398 accurate
581 1355 712 1399 habet
746 1357 994 1401 Ladevicus
1032 1373 1113 1414 pro
1161 1358 1384 1403 erroribus
1429 1364 1551 1402 extra
1592 1356 1800 1415 patriam3
1849 1372 2045 1402 errorum
2090 1357 2212 1401 notio
2264 1373 2351 1400 non
2394 1358 2519 1401 inest.

341 1420 400 1465 G.
430 1421 514 1478 IV,
536 1422 639 1466 340:
677 1424 859 1479 „Altera
892 1432 984 1468 tum
1021 1426 1182 1482 primos
1212 1426 1408 1470 Lucinae
1437 1431 1615 1483 experta
1642 1425 1899 1470 labores.“
1958 1425 2060 1468 397:
2091 1423 2343 1481 „Expediet
2378 1424 2519 1468 morbi

343 1504 540 1533 caussam
578 1497 906 1549 eventusque
943 1493 1189 1537 secundet“
1218 1493 1386 1538 scilicet
1423 1494 1715 1538 calamitatem
1750 1493 1962 1547 Aristaei,
2011 1493 2088 1548 qui
2125 1492 2277 1536 morbo
2313 1493 2517 1550 fameque

344 1574 447 1614 apes
476 1559 692 1601 amiserat.
752 1558 842 1602 Sed
873 1562 927 1601 A.
951 1560 1033 1614 VI,
1060 1562 1162 1613 1583
1192 1561 1254 1615 X,
1275 1563 1356 1605 160
1384 1563 1477 1604 veri
1508 1562 1700 1618 plurales
1727 1561 1949 1618 leguntur.
2006 1560 2060 1602 In
2090 1560 2234 1603 verbis
2265 1576 2379 1616 quae
2415 1568 2517 1604 sunt

341 1641 520 1669 morae
550 1626 662 1669 otia
691 1626 933 1670 desidiae
959 1628 1122 1684 plurali
1152 1644 1348 1683 numero,
1378 1630 1454 1684 qui
1484 1628 1540 1672 ad
1561 1627 1759 1687 singulas
1778 1628 1989 1685 temporis
2008 1634 2157 1685 partes
2178 1627 2519 1672 considerandas

342 1693 521 1736 adducit
533 1695 739 1747 animum,
761 1696 961 1738 notiones
977 1696 1209 1738 cunctandi
1226 1703 1270 1739 et
1290 1696 1484 1739 cessandi
1505 1702 1733 1753 augentur.
1778 1694 1844 1749 II,
1859 1695 1963 1737 2823
1995 1693 2147 1749 „Quae
2167 1701 2317 1746 tantae
2337 1701 2520 1738 tenuere

342 1759 546 1804 morae?“
581 1760 666 1815 IV,
682 1763 786 1805 569:
807 1762 953 1817 „Heia
968 1778 1065 1819 age,
1084 1778 1240 1820 rumpe
1259 1768 1447 1807 moras.“
1486 1763 1614 1819 VIII,
1629 1763 1736 1808 4433
1767 1761 2087 1819 „Praecipitate
2109 1766 2300 1805 moras.“
2337 1763 2399 1816 X,
2414 1764 2519 1806 4853

346 1827 581 1883 „Vibranti
598 1829 744 1886 cuspis
760 1829 949 1874 medium
965 1823 1291 1883 transverberat
1309 1831 1396 1875 ictu
1414 1830 1690 1888 Loricaeque
1704 1844 1848 1875 moras
1869 1836 1913 1874 et
1931 1837 2086 1887 pectus
2105 1830 2301 1887 perforat
2319 1830 2519 1889 ingens.“

344 1896 430 1952 ΙΙΙ,
452 1899 558 1940 4533
589 1897 711 1953 ,,Ηίο
739 1898 821 1941 tibi
850 1913 904 1941 ne
935 1913 1022 1954 qua
1052 1914 1198 1942 morae
1228 1900 1391 1942 fuerint
1418 1898 1705 1955 dispendia
1731 1899 1885 1942 tanti.“
1943 1898 2026 1952 IV,
2049 1899 2151 1940 2713
2179 1896 2332 1953 „Quid
2361 1898 2523 1942 struis?

345 1971 423 2008 aut
454 1980 539 2022 qua
564 1980 642 2023 spe
671 1965 853 2023 Libycis
883 1967 989 2010 teris
1020 1966 1112 2010 otia
1140 1965 1325 2011 terris?“
1369 1966 1453 2021 VI,
1470 1966 1575 2011 813:
1604 1966 1703 2023 „cui
1733 1965 1893 2011 deinde
1920 1965 2087 2010 subibit
2106 1964 2215 2010 Otia
2244 1965 2321 2023 qui
2350 1973 2525 2023 rumpet

344 2033 557 2089 patriae.“
614 2032 672 2076 G.
702 2033 791 2089 ΙΙΙ,
816 2035 918 2077 377:
950 2035 1075 2091 „Ipsi
1105 2035 1150 2077 in
1182 2035 1366 2079 defossis
1396 2035 1613 2092 specubus
1642 2049 1799 2078 secura
1826 2034 1912 2078 sub
1942 2035 2030 2093 alta
2060 2032 2166 2076 Otia
2195 2040 2333 2092 agunt
2361 2039 2523 2078 terra.“

344 2100 440 2143 Eol.
473 2101 529 2155 V,
554 2103 628 2143 61:
660 2108 809 2157 „amat
838 2102 978 2146 bonus
1008 2102 1099 2145 otia
1132 2102 1373 2160 Daphnis.“
1434 2106 1489 2146 A.
1519 2102 1604 2158 IX,
1627 2103 1732 2146 6153
1761 2102 1929 2157 „Vobis
1955 2103 2075 2159 picta
2105 2116 2232 2145 croco
2262 2108 2306 2146 et
2334 2102 2524 2160 fulgenti

346 2169 510 2212 murice
542 2170 691 2223 vestis,
721 2170 930 2213 Desidiae
955 2171 1121 2213 cordi.“
1180 2170 1268 2213 Sed
1300 2186 1415 2226 quae
1444 2172 1653 2228 leguntur
1666 2170 1749 2223 VI,
1773 2172 1856 2212 715
1885 2170 2047 2211 oblivia
2073 2170 2159 2211 huc
2179 2185 2266 2211 non
2288 2171 2524 2225 pertinent,

349 2251 483 2292 quum
512 2235 716 2280 dicantur
751 2235 807 2279 de
846 2236 993 2280 multis
1031 2237 1161 2281 rebus
1189 2237 1301 2291 illis,
1334 2253 1444 2292 quae
1476 2235 1671 2294 potando
1700 2253 1725 2280 e
1754 2237 1962 2280 memoria
1997 2243 2282 2290 evanescunt,
2320 2245 2371 2280 ut
2407 2237 2524 2293 apud

346 2303 604 2347 Lucretium
624 2303 706 2358 III,
723 2304 826 2348 828:
856 2303 1017 2358 „Adde
1045 2303 1234 2347 furorem
1265 2304 1397 2347 animi
1426 2303 1652 2361 proprium
1681 2310 1814 2361 atque
1843 2303 2006 2347 oblivia
2034 2307 2297 2346 rerum.“—
2317 2303 2527 2359 Denique

347 2370 404 2413 de
433 2371 632 2413 somnis
662 2370 900 2414 dicendum
929 2377 1006 2414 est.
1065 2369 1210 2424 Quem
1238 2370 1450 2427 pluralem
1481 2371 1518 2415 si
1533 2376 1720 2428 putares
1739 2369 1937 2414 indicare
1968 2376 2144 2414 auctam
2170 2370 2363 2414 notionis
2383 2370 2528 2426 quali-

346 2445 494 2494 tatem,
523 2439 586 2481 ita
616 2447 667 2481 ut
696 2439 860 2481 valeret
887 2438 977 2481 fere
1007 2439 1140 2481 altum
1171 2444 1215 2481 et
1246 2438 1418 2482 dulcem
1448 2452 1662 2494 somnum,
1691 2438 1806 2483 hanc
1835 2439 2085 2496 opinionem
2111 2452 2291 2495 prorsus
2321 2439 2526 2496 rejiceres

346 2506 498 2548 leviter
529 2507 807 2562 perlustratis
836 2508 947 2550 locis
977 2506 1053 2549 ubi
1079 2507 1256 2563 legitur.
1313 2506 1516 2562 Namque
1546 2507 1592 2550 in
1632 2506 1745 2565 ipsis
1772 2507 1828 2549 iis
1859 2506 2086 2550 sententiis
2123 2520 2255 2563 saepe
2289 2505 2526 2560 invenitur,

348 2572 425 2615 ubi
454 2573 699 2629 inquietum
728 2588 779 2615 ac
815 2574 1042 2616 turbidum
1072 2575 1206 2617 fuisse
1241 2588 1439 2617 somnum
1477 2589 1549 2618 res
1584 2575 1682 2632 ipsa
1717 2575 1858 2618 docet.
1914 2574 1991 2619 Sic
2032 2575 2070 2617 si
2108 2574 2164 2617 de
2199 2574 2309 2618 diris
2347 2574 2527 2618 somniis

347 2647 554 2684 narratur
581 2641 637 2684 A.
658 2641 698 2697 1,
715 2642 811 2684 353.
841 2642 908 2696 II,
923 2643 1019 2685 270.
1050 2641 1134 2696 IV,
1152 2643 1249 2684 353.
1278 2643 1376 2684 466.
1406 2642 1517 2697 XII,
1533 2644 1631 2698 908,
1658 2643 1730 2687 vel
1757 2644 1796 2688 si
1826 2643 2092 2687 describitur
2113 2644 2281 2686 Aeneas
2302 2642 2526 2685 dormiens

348 2715 489 2766 nocte,
519 2724 606 2767 qua
633 2710 838 2768 perlapsa
865 2709 1181 2767 Karthaginem
1212 2709 1446 2755 relicturus
1475 2718 1540 2756 est
1558 2703 1758 2766 1V‚>555‚
1787 2712 1857 2755 vel
1884 2712 1920 2756 si
1942 2712 1998 2755 de
2026 2711 2304 2755 incubatione
2333 2710 2525 2765 quadam

348 2778 494 2836 agitur
514 2777 623 2833 VII,
639 2778 708 2822 88.
768 2777 902 2834 Quod
932 2778 970 2822 si
998 2777 1099 2834 quis
1128 2777 1197 2821 his
1225 2777 1334 2821 locis
1358 2778 1497 2822 fretus
1516 2793 1612 2822 eam
1631 2780 1890 2823 sententiam
1911 2779 2103 2835 arripere
2123 2778 2271 2833 vellet,
2299 2778 2523 2821 variorum

347 2846 617 2892 somniorum
646 2846 797 2891 vivida
824 2847 1013 2905 imagine
1042 2845 1299 2890 inclinatum
1327 2860 1423 2890 esse
1450 2847 1631 2890 verbum
1655 2846 1703 2891 in
1720 2847 1937 2904 pluralem
1957 2861 2199 2901 numerum,
2229 2852 2527 2903 repugnarent

347 2914 454 2969 loci,
490 2913 567 2958 ubi
594 2922 744 2972 aperte
773 2914 915 2959 dulcis
944 2921 990 2958 et
1017 2914 1191 2971 quietus
1220 2929 1398 2958 somnus
1427 2913 1703 2972 significatur
1731 2914 1788 2973 cf.
1823 2912 1881 2958 G.
1910 2914 1951 2970 1,
1974 2914 2069 2957 342.
2106 2913 2170 2969 Π,
2191 2914 2302 2956 470.·
2318 2912 2401 2968 ΠΙ,
2422 2914 2523 2958 435.

351 2981 479 3036 Quae
509 2982 791 3026 difficultates
819 2997 970 3026 omnes
998 2982 1231 3038 tolluntur,
1257 2983 1295 3026 si
1322 2982 1531 3026 sumimus
1558 2986 1745 3039 poetam,
1774 2995 1909 3037 quum
1930 2995 2109 3026 somnus
2129 2987 2180 3024 ut
2198 2986 2340 3026 status
2360 2981 2526 3038 quietis
