2952 3777
360 364 502 407 omnis
521 370 567 407 et
584 365 677 407 irae
697 363 962 409 Ooncoeeere
980 362 1156 406 deum.“
1198 356 1304 406 Huc
1319 360 1541 406 referendi
1555 367 1659 405 sunt
1674 360 1827 418 ignes
1846 369 2038 415 quoque.
2083 357 2149 413 11,
2164 359 2269 403 5752
2293 359 2546 416 „Exarsere

359 431 487 489 ignes
524 431 688 486 anim03
725 431 849 476 subit
874 431 943 474 ira
973 429 1211 476 eodenm-
1230 422 1407 475 'moises
1439 429 1673 487 patriam,“
1709 428 1917 484 quoniam
1951 426 2068 484 ignis
2103 427 2232 471 etiam
2264 427 2548 487 singulariter

359 497 788 544 vehementissimam
816 498 948 543 animi
973 495 1309 543 commotionem
1324 494 1558 556 ³‘exprimit‚
1586 503 1638 540 ut
1656 488 1767 550 VIII,
1784 490 1890 538 5⁵17:
1920 493 2130 557 „Turnus
2154 494 2284 540 adest
2311 495 2547 554 medioque

361 567 409 611 in
453 567 643 611 erimine
680 565 826 611 caedis
869 571 915 610 et
955 565 1052 624 igni
1092 564 1328 611 Terrorem
1373 566 1608 625 geminat.“
1667 561 1767 608 Cat.
1800 564 1871 619 64,
1896 562 2001 606 226:
2043 561 2267 618 „Nostros
2309 568 2362 608 ut
2402 563 2548 611 luctus

361 640 625 689 nostraeque
655 633 858 676 incendia
887 634 1077 677 mentis“
1105 638 1189 676 oet.
1244 627 1362 676 Tum
1396 645 1584 676 amorem
1614 630 1999 689 flagrantissimum
2030 630 2246 674 indicant:
2274 630 2369 675 Ecl.
2391 630 2450 687 V,
2473 630 2545 676 10:

363 701 546 757 ,Jncipe
579 699 757 757 Mopse,
793 701 942 757 prior,
975 702 1015 745 si
1051 715 1166 756 quos
1200 705 1279 744 aut
1306 699 1528 758 Phyllidis
1563 700 1688 758 ignes
1718 700 1814 742 Aut
1841 698 2024 742 Alconis
2058 698 2192 741 habes
2223 698 2427 755 laudes,“
2456 700 2546 743 sin-

360 768 594 824 gulariter:
626 772 680 811 A.
710 768 796 823 IV,
817 769 857 811 2.
907 768 1007 812 Cat.
1037 769 1108 822 35,
1136 768 1212 811 152
1241 778 1328 822 „ex
1356 783 1408 810 eo
1437 767 1630 811 misellae
1660 766 1795 823 Ignes
1823 767 2076 809 interiorem
2106 766 2242 809 edunt
2269 765 2546 809 medullam.“

362 832 634 893 Ceteroquin
672 837 710 880 si
745 835 865 893 apud
903 835 1151 894 Vergilium
1185 834 1409 879 invenitur
1444 833 1649 891 pluralis,
1689 834 1954 892 metonymia
1988 833 2282 892 intellegenda
2317 842 2395 877 est.
2454 831 2544 878 Sed

360 907 592 952 redeamus
625 906 680 950 ad
710 907 812 949 iras.
870 908 924 948 A.
945 904 1032 959 ΠΙ,
1056 899 1326 960 366=,„Sola
1353 918 1516 947 novum
1549 903 1759 959 dictuque
1789 903 1912 947 nefas
1947 903 2130 960 harpyia
2163 900 2354 946 Celaeno
2385 901 2545 946 Prodi-

362 976 485 1035 gium
515 975 631 1018 cauit
658 980 703 1017 et
730 972 873 1017 tristis
900 971 1131 1015 denuntiat
1159 970 1278 1015 iras“
1305 970 1401 1014 sine
1431 970 1568 1014 dubio
1599 971 1933 1029 adgnoscendae
1963 977 2067 1015 sunt
2095 986 2164 1015 res
2194 970 2402 1015 adversae
2432 982 2546 1027 quae
2593 995 2598 1004 ι

362 1042 546 1086 deorum
567 1042 633 1084 ira
653 1040 912 1084 efficiuntur.
970 1039 1052 1094 IV,
1074 1039 1178 1082 5642
1207 1037 1473 1096 „variosque
1503 1039 1665 1082 irarum
1694 1039 1887 1083 concitat
1909 1042 2096 1093 aestus,“
2126 1039 2152 1082 i.
2174 1054 2211 1083 e.
2233 1039 2547 1097 cogitationum

362 1119 408 1154 et
449 1110 652 1153 dolorum
691 1109 756 1151 ira
798 1109 1106 1162 excitatorum,
1150 1119 1284 1162 quum
1327 1119 1480 1150 versus
1510 1107 1613 1149 532:
1656 1121 1926 1163 „rursusque
1961 1121 2197 1164 resurgens
2225 1105 2375 1151 Saevit
2411 1121 2546 1163 amor,

364 1193 611 1235 magnoque
641 1178 802 1219 irarum
838 1175 1024 1218 fluctuat
1060 1177 1219 1218 aestu“
1257 1174 1323 1216 sic
1361 1174 1645 1231 accipiendus
1686 1176 1763 1216 sitz
1800 1189 1920 1215 amor
1956 1175 2100 1216 denuo
2142 1175 2424 1219 exardescens
2459 1175 2548 1218 huc

361 1245 468 1288 illuc
512 1245 701 1287 fluctuat
741 1241 1140 1286 vehementissimae
1182 1241 1274 1284 irae
1318 1240 1500 1297 affectu,
1547 1242 1708 1298 quippe
1753 1256 1863 1297 quae
1907 1248 2126 1299 repugnet
2169 1243 2317 1284 amori.
2377 1243 2546 1286 Rursus

364 1313 588 1371 posterior
624 1309 872 1368 explicandi
910 1311 1021 1353 ratio
1061 1308 1311 1353 adhibenda
1337 1307 1443 1365 VII,
1474 1312 1540 1353 15.
1571 1310 1667 1352 305.
1698 1310 1794 1352 326.
1854 1309 2010 1352 Multis
2045 1310 2153 1353 locis
2189 1308 2269 1353 sub
2309 1311 2457 1367 judice
2491 1311 2547 1354 lis

366 1381 655 1436 relinquenda
685 1386 764 1422 est.
780 1404 835 1410 —
855 1378 1072 1420 furores.
1131 1376 1236 1431 VII,
1255 1378 1362 1420 406:
1394 1377 1668 1432 „Postquam
1688 1379 1780 1421 visa
1806 1378 1914 1421 satis
1940 1379 2102 1433 primos
2129 1378 2295 1421 acuisse
2331 1378 2547 1421 furores.“

363 1448 447 1501 IV,
470 1448 574 1489 501:
604 1446 739 1500 „Non
760 1453 903 1487 tamen
923 1444 1054 1486 Anna
1073 1443 1197 1486 novis
1217 1451 1471 1501 praetexere
1500 1446 1654 1487 funera
1683 1445 1816 1487 sacris
1837 1443 2103 1487 Germanam
2134 1444 2273 1487 credit
2301 1459 2381 1487 nec
2402 1452 2548 1488 tantos

366 1521 509 1558 mente
541 1515 709 1556 furores
731 1511 983 1568 Concipit.“
1042 1510 1140 1555 Cat.
1169 1512 1240 1566 64,
1260 1513 1337 1554 542
1367 1511 1643 1566 „Indomitos
1664 1512 1708 1554 in
1729 1511 1859 1555 corde
1878 1526 2032 1567 gerens
2053 1511 2250 1555 Ariadna
2270 1511 2476 1555 furores.“
2491 1538 2547 1546 --

363 1582 417 1625 In
446 1581 579 1625 verbo
610 1579 732 1637 quod
769 1585 837 1623 est
872 1579 1042 1623 furiae
1078 1592 1212 1636 quum
1249 1578 1465 1624 incertum
1501 1579 1582 1634 sit,
1625 1595 1727 1623 num
1765 1579 1942 1623 omnino
1981 1584 2025 1622 et
2060 1585 2272 1635 quatenus
2310 1578 2547 1623 Furiarum

363 1651 511 1706 imago
541 1649 598 1690 ad
628 1646 880 1704 ponendum
909 1646 1121 1703 pluralem
1149 1647 1327 1702 fecerit,
1356 1647 1536 1690 missum
1572 1647 1618 1689 id
1659 1647 1792 1701 facio,
1822 1646 2062 1701 eodemque
2092 1646 2222 1689 modo
2252 1646 2337 1690 hoc
2365 1646 2548 1690 verbum

362 1723 504 1760 tracto
520 1722 655 1772 atque
685 1714 828 1759 simile
845 1713 964 1771 quod
995 1714 1128 1757 modo
1144 1713 1284 1759 attuli.
1327 1713 1527 1770 A.V111,
1551 1716 1653 1758 205:
1683 1716 1778 1770 „At
1805 1715 1930 1758 furiis
1947 1712 2052 1758 Caci
2083 1729 2203 1759 mens
2219 1714 2397 1758 effera.“
2446 1715 2549 1759 219:

365 1784 485 1839 „Hic
516 1799 621 1827 vero
644 1782 827 1826 Alcidae
858 1783 984 1826 furiis
1016 1789 1238 1826 exarserat
1265 1790 1360 1826 atro
1380 1783 1502 1826 Felle
1529 1782 1700 1825 dolor.“
1748 1783 1851 1825 494:
1881 1782 2034 1840 „Ergo
2055 1783 2194 1826 omnis
2214 1783 2340 1826 furiis
2361 1784 2550 1827 surrexit

362 1851 546 1895 Etruria
570 1852 747 1908 justis.“
794 1849 908 1904 XII,
929 1851 1033 1892 946:
1059 1848 1173 1904 „1110
1202 1850 1341 1894 oculis
1371 1858 1604 1906 postquam
1633 1851 1751 1893 saevi
1779 1851 2044 1892 monimenta
2072 1850 2239 1894 doloris
2267 1850 2549 1906 Exuviasque

365 1920 523 1972 hausit,
546 1919 673 1961 furiis
697 1932 901 1961 accensus
925 1923 969 1960 et
987 1918 1085 1961 ira“
1109 1922 1206 1960 cet.v
1242 1915 1300 1960 G.
1326 1915 1414 1971 111,
1433 1917 1537 1960 244:
1563 1917 1740 1971 „Omne
1757 1915 1865 1959 adeo
1877 1932 2016 1979 genus
2033 1918 2078 1959 in
2094 1918 2225 1961 terris
2239 1917 2549 1974 hominumque

363 1987 648 2039 ferarumque
676 2012 721 2016 —
747 1985 799 2026 In
818 1984 956 2027 furias
976 1985 1211 2039 ignemque
1229 1991 1385 2026 ruunt:
1413 1985 1552 2026 Amor
1568 1984 1770 2027 omnibus
1785 1983 1943 2026 idem.“
1999 1986 2061 2026 At
2081 1986 2136 2026 A.
2159 1984 2221 2038 X,
2243 1986 2317 2026 68:
2344 1984 2550 2038 „Italiam

367 2052 496 2108 petiit
524 2051 625 2094 fatis
656 2050 910 2093 auctoribus
940 2051 1075 2106 (esto)
1107 2048 1380 2095 Cassandrae
1408 2051 1621 2107 impulsus
1642 2050 1801 2093 furiis“
1831 2064 1986 2093 sensus
2006 2058 2091 2093 est:
2122 2051 2335 2106 impulsus
2362 2051 2549 2096 oraculis

366 2134 478 2175 quae
502 2117 619 2160 fudit
638 2125 758 2160 vates
775 2117 938 2160 furens.
996 2116 1145 2159 Etiam
1176 2117 1212 2172 I,
1238 2119 1316 2162 41:
1347 2118 1523 2172 „Unius
1554 2119 1610 2161 ob
1640 2134 1798 2161 noxam
1830 2125 1874 2161 et
1904 2118 2041 2161 furias
2063 2118 2213 2161 Aiacis
2235 2116 2383 2160 0ὶίἱὲιι
2410 2119 2547 2162 furias
2596 2166 2604 2170 ,

365 2185 605 2230 arctissime
646 2200 745 2228 cum
785 2199 899 2227 noxa
936 2184 1142 2242 conjungi
1181 2192 1357 2242 oportet
1393 2192 1437 2228 et
1473 2186 1680 2242 explicari
1717 2201 1816 2242 per:
1859 2186 1976 2228 facta
2018 2185 2201 2238 furiosa,
2244 2187 2313 2229 vel
2357 2187 2550 2243 proprie:

364 2255 530 2297 factum
560 2253 789 2306 furiosum,
821 2267 909 2307 qua
936 2252 980 2295 in
1010 2267 1058 2296 re
1087 2251 1194 2309 quid
1220 2252 1437 2311 significet
1466 2254 1650 2309 pluralis
1679 2254 1827 2309 paullo
1849 2260 1948 2296 ante
1968 2252 2171 2296 vidimus.
2228 2247 2397 2297 Eodem
2418 2256 2550 2299 modo

364 2320 448 2376 IV,
473 2321 579 2365 474:
610 2319 767 2377 „Ergo
797 2318 873 2363 ubi
903 2319 1108 2377 concepit
1141 2319 1281 2365 furias
1316 2321 1457 2365 evicta
1487 2320 1642 2364 dolore
1672 2321 1970 2376 Decrevitque
2000 2321 2141 2363 mori“
2166 2322 2454 2377 cogitandum
2486 2332 2554 2368 est

360 2389 424 2434 'de
455 2387 795 2446 cogitationibus
833 2387 1113 2445 consiliisque
1148 2403 1262 2446 quae
1298 2403 1353 2433 ex
1388 2388 1535 2433 furore
1571 2388 1876 2434 nascebantur.
1898 2415 1953 2423 —
1981 2384 2040 2431 G.
2069 2386 2151 2444 IV,
2174 2389 2276 2432 332:
2306 2388 2431 2444 „Ure
2460 2398 2552 2437 sata

366 2465 411 2502 et
434 2457 601 2504 ,duram
639 2457 683 2499 in
721 2456 823 2501 vitis
857 2455 1009 2499 molire
1053 2456 1284 2515 bipennem
1321 2455 1463 2501 Tanta
1497 2473 1618 2501 meae
1655 2457 1692 2501 si
1728 2464 1772 2501 te
1810 2463 2024 2514 ceperunt
2067 2457 2241 2501 taedia
2280 2458 2454 2504 laudis“
2499 2474 2552 2504 ex

363 2526 513 2583 priore
548 2524 739 2578 ratione3
778 2523 857 2568 sed
889 2524 985 2567 Ecl.
1015 2524 1079 2580 ΙΙ,
1106 2526 1178 2569 15:
1208 2524 1399 2583 „Nonne
1440 2526 1526 2569 fuit
1569 2526 1727 2581 satius,
1770 2525 1910 2569 tristis
1947 2524 2230 2583 Amaryllidis
2274 2526 2361 2570 iras
2399 2529 2550 2584 Atque

367 2593 556 2649 superba
585 2594 679 2648 pati
710 2592 965 2635 fastidia“
996 2607 1050 2635 ex
1077 2593 1317 2650 posteriore
1342 2594 1531 2647 dictum,
1560 2608 1657 2635 nam
1689 2593 1865 2637 fastidio
1895 2608 2021 2636 nemo
2052 2600 2199 2650 potest
2226 2595 2439 2650 torqueri,
2469 2596 2552 2640 nisi

368 2659 599 2715 id·aliquo
630 2658 763 2701 modo
794 2673 840 2702 se
870 2659 1077 2703 ostendit.
1134 2660 1295 2719 Neque
1326 2660 1447 2718 quod
1478 2666 1546 2703 est
1574 2662 1630 2702 A.
1660 2660 1745 2715 ΙΙΙ,
1768 2662 1870 2704 326:
1899 2659 2093 2719 „Stirpis
2123 2660 2349 2705 Achilleae
2379 2662 2552 2708 fastus

362 2730 654 2784 juvenemque
691 2727 956 2783 superbum,
994 2728 1183 2772 Servitio
1215 2729 1390 2783 enixae,
1434 2730 1646 2771 tulimus“
1684 2744 1809 2773 secus
1837 2729 2137 2786 accipiendum
2176 2736 2255 2773 est.
2285 2754 2341 2762 —
2375 2738 2554 2776 metus.

368 2794 549 2847 1X‚90=
582 2793 745 2848 „Solve
775 2802 916 2838 metus
946 2802 1078 2851 atque
1107 2796 1193 2839 hoc
1218 2797 1425 2853 precibus
1455 2797 1547 2840 sine
1577 2812 1702 2852 posse
1722 2804 1943 2852 parentem
1954 2801 1996 2847 ;“
2027 2812 2161 2851 quum
2189 2797 2385 2840 solvendi
2414 2799 2552 2841 verbo

370 2860 698 2917 quodammodo
729 2862 993 2905 contrarium
1021 2861 1080 2906 sit
1108 2861 1314 2920 capiendi
1341 2878 1430 2919 quo
1461 2870 1644 2907 utuntur
1664 2863 1866 2917 Romani,
1896 2864 1934 2907 si
1962 2864 2120 2919 aliquis
2151 2863 2334 2908 affectus
2363 2865 2555 2909 animum

327 2946 332 2950 ·
368 2927 548 2985 incedit,
580 2936 625 2973 et
654 2928 740 2973 hoc
768 2928 868 2973 loco
898 2928 1103 2974 affectum
1133 2934 1277 2976 metus
1294 2930 1439 2989 ipsum
1463 2931 1804 2990 intellegendum
1824 2946 1919 2976 esse
1939 2931 2053 2976 duco
2075 2931 2168 2988 (die
2188 2931 2332 2990 bange
2352 2932 2555 2989 Furcht).

2786 2763 2792 2767 '
2839 2773 2841 2775 .
2852 2774 2869 2785 <-
2882 2773 2952 2795 ,ζμ-ε
