2952 3777
1324 233 1673 283 .-·.24.'-

405 361 565 419 Itaque
594 376 734 418 quum
763 368 892 405 antea
918 361 1023 405 data
1051 367 1168 406 esset
1195 361 1318 404 notio
1348 363 1618 420 generalior,
1655 363 1937 420 quaereretur
1964 361 2220 423 specialior,
2249 375 2368 405 nunc
2395 362 2499 406 data
2525 352 2598 408 'est

403 428 654 488 specialior,
681 428 912 485 quaeritur
929 428 1192 487 generalior.
1250 428 1454 488 Apparet
1473 429 1613 489 igitur
1640 429 1896 489 praevalere
1924 428 2287 489 significationem
2316 428 2596 487 plurativum,

406 514 546 555 quare
573 497 749 554 proprie
772 496 845 541 hic
871 512 978 542 usus
998 495 1088 540 huc
1106 512 1196 541 non
1225 496 1428 554 pertinet.
1485 498 1655 542 'l'amen>
1681 496 1816 542 affero
1845 497 2056 542 nonnulla
2084 497 2299 555 exempla.'
2323 496 2467 552 A.V1‚
2491 499 2595 542 322:

406 564 636 622 „Anchisa
664 569 885 621 generate,
914 564 1072 609 deum
1101 564 1345 611 certissima
1373 566 1572 623 proles;“
1600 580 1688 610 non
1715 571 1860 623 potest
1887 566 2082 624 spectari
2119 565 2204 611 nisi
2231 563 2408 617 Venus3
2440 563 2520 609 sed
2549 564 2596 609 id

405 631 620 687 imprimis
651 631 750 674 acui
778 631 960 676 volebat
988 639 1144 689 poeta,
1174 631 1298 688 quod
1327 633 1502 677 Aeneas
1531 639 1627 677 erat
1657 632 1830 677 divinae
1860 634 2067 691 originis,
2103 647 2193 676 non
2230 633 2458 676 humanae.
2487 631 2527 687 Ι,
2547 633 2596 676 42

405 698 626 755 „multum
653 697 730 741 ille
758 704 803 742 et
836 699 968 744 terris
997 700 1193 757 jactatus
1229 705 1273 744 et
1315 697 1406 744 alto
1440 699 1500 743 Vi
1536 714 1810 757 superum,
1849 715 2004 745 saevae
2038 714 2273 744 memorem
2307 698 2498 744 «Iunonis
2539 699 2595 743 ob

406 767 566 821 iram,“
597 765 660 809 dii
687 766 868 810 fuerunt
895 782 985 810 non
1013 767 1210 811 homines
1238 766 1398 822 infesti,
1429 768 1506 824 qui
1528 769 1723 811 Aeneam
1758 768 1948 825 agebant
1969 768 2349 824 sectabanturque.
2379 766 2595 821 X1‚·784=

406 846 626 891 „superos
645 836 820 876 Arruns
839 828 905 877 sic
930 849 1037 877 voce
1059 841 1281 891 precatur:
1311 833 1493 878 Summe
1523 834 1669 890 deum,
1692 835 1836 885 sancti
1865 840 2011 879 custos
2035 834 2230 879 Soractis
2255 834 2474 892 Apollo.“.
2504 833 2594 888 111,

408 903 530 945 488:v
555 916 694 958 „cape
732 899 851 943 dona
892 908 1086 944 extrema
1121 896 1352 956 tuorum,“
1395 902 1490 946 sola
1526 901 1836 945 Andromache
1872 902 2171 959 intellegenda
2208 909 2292 954 est3
2337 901 2414 945 sed
2457 902 2596 958 majus

409 974 680 1013 momentum
708 967 755 1010 in
785 983 838 1011 ea
866 984 913 1012 re
941 969 1158 1027 positum,
1187 967 1306 1026 quod
1335 978 1429 1013 erat
1459 970 1711 1027 propinqua
1745 970 1961 1014 Ascanii.v
1995 967 2085 1013 Sed
2116 970 2292 1013 tandem
2322 970 2367 1012 in
2398 967 2596 1012 ordinem

407 1035 586 1079 videtur
614 1035 889 1080 redeundum
919 1052 1027 1080 esse.

520 1102 695 1147 Eodem
725 1103 857 1147 modo
880 1103 1141 1160 explicanda
1164 1109 1297 1161 atque
1321 1109 1444 1161 terga
1467 1109 1572 1148 sunt
1602 1104 1738 1147 colla
1767 1104 1884 1149 hisce
1907 1104 2033 1149 locis:
2064 1103 2121 1148 G.
2138 1104 2229 1160 111,
2250 1106 2354 1148 421:
2387 1102 2596 1158 „Tollen-

406 1177 586 1228 temque
615 1171 754 1216 minas
786 1177 831 1215 et
856 1166 984 1217 sibila
1020 1172 1134 1216 colla
1164 1177 1406 1216 tumentem
1436 1171 1615 1216 Deice.“
1667 1173 1723 1215 A.
1749 1172 1811 1226 II,
1836 1173 1937 1218 381:
1968 1173 2162 1230 „refugit
2188 1173 2478 1216 Attollentem
2508 1171 2595 1215 iras

408 1245 455 1284 et
493 1239 671 1283 caerula
705 1240 820 1283 colla
855 1242 1139 1283 tumentem.“
1196 1239 1255 1294 V,
1277 1240 1382 1284 277:
1422 1240 1584 1294 „Parte
1619 1239 1743 1283 ferox
1777 1240 2025 1295 ardensque
2062 1240 2201 1284 oculis
2221 1246 2282 1283 *et
2318 1238 2448 1283 sibila
2484 1238 2598 1282 colla

409 1307 595 1352 Arduus
626 1307 876 1350 attollens.“
934 1306 1231 1350 Pulcherrime
1253 1307 1343 1363 XI,
1367 1308 1472 1350 8292
1502 1314 1626 1362 „tum
1651 1308 1813 1364 frigida
1841 1314 1935 1351 toto
1965 1308 2182 1350 Paulatim
2209 1307 2396 1351 exsolvit
2423 1321 2470 1349 se
2501 1320 2597 1348 cor-

408 1389 519 1432 pore
552 1374 760 1430 lentaque
790 1374 903 1416 colla
931 1373 993 1416 Et
1021 1381 1200 1431 captum
1227 1375 1316 1418 leto
1347 1375 1498 1432 posuit
1528 1382 1680 1431 caput,
1713 1390 1834 1417 arma
1864 1375 2161 1430 relinquunt.“
2218 1375 2335 1417 Nam
2367 1380 2418 1416 ut
2453 1374 2597 1415 vimen

407 1442 577 1485 lentum
606 1441 735 1483 facile
766 1440 956 1483 flectitur
984 1448 1119 1498 atque
1151 1449 1309 1485 terram
1343 1457 1495 1487 versus
1523 1442 1777 1496 inclinatur,
1813 1443 1876 1486 sic
1912 1442 2073 1485 collum
2105 1441 2316 1485 Camillae
2350 1448 2489 1484 morte
2519 1455 2593 1496 op·

407 1523 601 1566 pressae.
659 1506 943 1566 Intellegitur
978 1508 1081 1552 inde
1117 1509 1249 1552 etiam
1285 1524 1515 1566 procerum
1552 1517 1687 1564 atque
1724 1509 1961 1565 pulchrum
2002 1508 2165 1551 collum
2204 1507 2416 1551 Camillae
2451 1507 2597 1551 fuisse.

407 1574 623 1620 Similiter
637 1574 725 1630 XI,
743 1574 850 1618 622:
881 1572 1161 1631 „Clamorem
1177 1576 1340 1620 tollunt
1356 1584 1401 1621 et
1420 1576 1570 1620 mollia
1592 1576 1706 1620 colla
1722 1575 2001 1620 reflectunt.“
2047 1575 2135 1630 IX,
2153 1576 2254 1619 331:
2285 1575 2600 1632 „aurigamque

410 1643 493 1689 sub
529 1643 637 1699 ipsis
667 1642 871 1687 Nanctus
909 1644 1033 1699 equis
1072 1644 1279 1701 ferroque
1316 1651 1435 1690 secat
1474 1644 1712 1701 pendentia
1751 1644 1908 1687 colla.“
1967 1642 2050 1687 Ov.
2083 1643 2195 1687 Met.
2215 1643 2302 1697 ΙΙΙ,
2334 1644 2435 1686 726:
2466 1643 2598 1696 „visis

409 1712 597 1755 ululavit
618 1713 776 1767 Agaue
799 1710 1014 1766 Collaque
1027 1713 1252 1766 jactavit.“
1311 1712 1403 1757 Sed
1423 1713 1544 1768 quod
1564 1719 1632 1756 est
1653 1715 1708 1756 A.
1729 1712 1812 1766 VI,
1828 1713 1933 1755 419:
1963 1710 2081 1765 „Cui
2102 1717 2223 1755 vates
2243 1711 2423 1754 horrere
2444 1711 2598 1754 videns

404 1781 496 1837 jam
528 1778 645 1822 colla
675 1778 870 1823 oolubris
901 1805 955 1811 —
987 1778 1119 1822 offam
1151 1779 1351 1835 Obicit‚“
1380 1779 1562 1836 pluralis
1598 1781 1867 1836 serpentium
1897 1778 2175 1822 multitudine
2206 1778 2381 1822 videtur
2419 1777 2599 1821 effectus

409 1861 515 1891 esse.
533 1872 590 1878 —
608 1846 710 1891 Jam
738 1861 841 1889 vero
871 1848 1029 1890 mirum
1056 1848 1102 1890 in
1131 1847 1309 1891 modum
1338 1848 1484 1892 elucet
1507 1847 1702 1893 studium
1732 1848 1902 1891 ratione
1932 1848 2090 1903 plurali
2119 1846 2335 1890 excitandi
2361 1846 2600 1888 orationem

413 1930 467 1957 ea
496 1930 560 1969 re,
592 1914 711 1970 quod
732 1915 904 1970 saepius
931 1921 1171 1971 tempora
1200 1915 1425 1971 dicuntur,
1459 1931 1594 1972 quum
1616 1916 1671 1959 de
1692 1931 1779 1958 uno
1801 1909 2001 1971 tempore
2028 1918 2102 1971 agi
2122 1914 2355 1957 clarissime
2375 1919 2599 1969 appareat.

410 1981 498 2035 IX,
524 1981 626 2024 588:
659 1981 751 2036 „Et
790 1980 934 2024 media
979 1982 1154 2025 adversi
1198 1982 1437 2041 liquefacto
1480 1991 1681 2039 tempora
1726 1982 1907 2038 plumbo
1954 1981 2174 2024 Diffidit.“
2231 1980 2293 2034 X,
2317 1982 2420 2024 891:
2456 1981 2600 2036 „inter

410 2048 647 2093 Bellatoris
678 2048 781 2104 equi
812 2062 918 2091 cava
946 2054 1145 2106 tempora
1175 2047 1336 2093 conicit
1370 2049 1584 2094 hastam.“
1643 2050 1755 2105 XII,
1779 2051 1882 2093 536:
1913 2047 2156 2106 „Occurrit”
2190 2049 2411 2104 telumque
2449 2054 2601 2090 aurata

409 2117 467 2161 ad
496 2127 697 2174 tempora
726 2120 950 2173 torquet.“
1009 2115 1191 2174 Quippe
1219 2116 1406 2160 duorum
1435 2124 1682 2176 temporum
1711 2119 1855 2176 imago
1886 2117 2074 2160 inhaesit
2104 2116 2236 2160 menti
2265 2123 2435 2174 poetae.
2481 2114 2600 2158 Con-

409 2193 482 2230 tra
512 2184 713 2229 consulto
750 2191 793 2229 et
829 2184 1007 2248 cumxvi
1037 2190 1157 2228 certa
1185 2184 1402 2244 singulari
1438 2187 1578 2229 utitur
1614 2185 1838 2245 Vergilius
1862 2185 1954 2241 IX,
1977 2187 2082 2229 418:
2113 2184 2263 2240 „Dum
2293 2183 2535 2242 trepidant,
2566 2184 2602 2226 it

409 2254 539 2297 hasta
558 2252 684 2309 Tago
714 2268 795 2309 per
822 2259 995 2309 tempus
1025 2259 1261 2309 utrumque
1281 2251 1484 2297 Stridens
1514 2256 1791 2311 trajectoque
1813 2254 1951 2297 haesit
1979 2253 2199 2310 tepefacta
2227 2251 2454 2295 cerebro.“
2514 2251 2602 2293 Hic

412 2321 531 2365 enim
561 2320 682 2362 haud
714 2320 845 2362 dubie
873 2320 1071 2363 indicare
1101 2320 1197 2363 vult
1225 2320 1397 2365 hastam
1425 2322 1471 2364 in
1501 2321 1689 2364 alterum
1710 2328 1883 2378 tempus
1913 2321 2113 2364 adactam
2142 2336 2220 2376 per
2248 2320 2438 2362 medium
2466 2324 2602 2375 caput

410 2395 668 2445 penetrasse
704 2387 767 2428 ita
804 2393 854 2428 ut
893 2388 1161 2429 contrarium
1195 2403 1371 2444 quoque
1407 2396 1580 2443 tempus
1614 2389 1884 2438 diffinderet3
1921 2388 2004 2429 hoc
2041 2389 2155 2429 enim
2192 2387 2397 2429 convenit
2432 2386 2602 2441 ingenti

411 2456 573 2498 virium
603 2453 893 2509 contentioni,
932 2469 1020 2509 qua
1047 2453 1216 2498 hastam
1252 2456 1429 2512 conjicit
1459 2455 1597 2499 Nisus
1627 2456 1702 2510 (cf.
1725 2472 1763 2497 v.
1784 2455 1868 2497 410
1897 2462 1941 2497 et
1967 2455 2072 2497 416:
2103 2454 2185 2496 hoc
2214 2454 2393 2509 acrior).
2453 2451 2603 2505 Quare

414 2528 652 2576 utrumque
680 2526 855 2576 tempus
885 2520 1142 2578 singillatim
1175 2521 1349 2565 dicitur.
1407 2522 1534 2565 Haec
1564 2536 1667 2564 vero
1697 2522 1734 2565 si
1763 2522 1823 2564 ita
1853 2527 1977 2575 sunt,
2014 2519 2147 2564 verba
2162 2536 2289 2576 ,quae
2319 2520 2602 2562 inveniuntur

412 2589 504 2644 IX,
529 2587 633 2633 633:
663 2586 867 2646 „Effugit
894 2586 1167 2633 horrendum
1203 2588 1392 2634 stridens
1426 2587 1620 2649 adducta
1654 2588 1813 2647 sagitta
1841 2587 2012 2645 Perque
2043 2593 2178 2646 caput
2206 2586 2383 2632 Remuli
2411 2587 2532 2630 venit
2561 2592 2605 2631 et

413 2671 522 2701 cava
548 2661 749 2712 tempora
776 2655 893 2697 ferro
925 2652 1207 2713 Transigit,“
1241 2655 1303 2698 ita
1330 2661 1503 2698 tantum
1531 2655 1727 2713 intellegi
1756 2663 1960 2713 possunt,
1996 2663 2047 2698 ut
2075 2656 2235 2713 sagitta
2264 2669 2402 2697 unum
2432 2660 2603 2710 tempus

412 2722 676 2782 perfoderit,
713 2723 827 2765 sicut
863 2728 1198 2766 consentaneum
1246 2728 1313 2767 est
1348 2723 1511 2767 viribus
1547 2724 1727 2767 Ascanii
1764 2723 2090 2767 infirmioribus.
2117 2748 2171 2754 —
2200 2722 2370 2764 Eadem
2410 2721 2604 2764 occurrit

412 2791 551 2836 resin
581 2789 713 2833 verbo
742 2789 864 2846 quod
892 2796 962 2833 est
989 2790 1211 2835 humerus.
1275 2790 1314 2845 Ι,
1333 2791 1436 2834 318:
1467 2791 1701 2848 „Namque
1730 2791 1963 2835 humeris
1985 2789 2040 2833 de
2065 2805 2185 2833 more
2206 2789 2395 2833 habilem
2415 2804 2603 2846 suspen-

418 2860 545 2901 derat
574 2873 725 2901 arcum
758 2857 1017 2900 Venatrix.“
1074 2858 1160 2911 IV,
1178 2859 1280 2900 149:
1309 2858 1449 2913 „Tela
1477 2865 1633 2902 sonant
1662 2859 1904 2901 humeris.“
1961 2858 2048 2912 XI,
2066 2860 2168 2900 774:
2199 2860 2408 2912 „Aureus
2438 2874 2493 2900 ex
2521 2858 2604 2899 hu-

414 2926 549 2970 meris
579 2932 672 2970 erat
701 2940 830 2969 arcus
862 2931 907 2968 et
932 2940 1067 2968 aurea
1095 2925 1185 2969 vati
1215 2923 1446 2970 Cassida-“
1501 2925 1651 2969 Etiam
1666 2925 1750 2980 VI,
1765 2926 1868 2968 301:
1898 2925 2149 2980 „Sordidus
2179 2941 2233 2969 ex
2262 2926 2455 2968 humeris
2484 2924 2603 2968 nodo
