2952 3777
1248 290 1560 337 ...7-

309 361 515 474 QXI,
490 419 602 465 497:
625 418 839 480 „(equus)
867 417 1050 466 Emicat
1074 417 1361 479 arrecfisque
1373 418 1523 480 fremit
1550 416 1799 467 cervicibus
1823 416 1914 467 alte
1940 416 2215 473 Luxuriam,
2245 417 2496 476 luduntque

304 482 439 550 jubae
466 501 550 550 per
578 486 697 541 00115
721 500 803 544 per
830 488 1022 542 armos‚“
1049 485 1129 531 ubi
1157 491 1284 544 patet
1309 500 1404 540 esse
1433 485 1559 543 colla,
1576 483 1735 536 eadem.
1759 499 1873 543 quae
1907 490 2039 536 antea
2066 491 2277 534 vocentur
2305 486 2499 537 cervices,

311 553 686 609 51110015οἮ1,
704 554 808 598 701·
844 554 1039 612 „longa
1070 567 1259 603 canoros,
1291 552 1417 603 Dant,
1456 568 1537 612 pet
1571 553 1685 603 (10118
1720 552 1907 605 modo&
1940 552 2258 612 (090111).Νο
2301 554 2500 613 ορίαθεὶς

311 622 425 671 00115
443 622 569 669 dicta.
583 636 694 677 esse,
719 622 826 678 quia
845 621 908 668 de:
921 620 1123 680 pluribus
1143 621 1293 681 cycnis
1313 636 1385 666 res
1404 629 1487 677 est,
1516 609 1839 679 comparandus
1858 622 1944 665 erit
1961 622 2084 667 locus
2105 622 2184 678 qui
2202 627 2270 671 est
2283 620 2372 679 IX,
2388 623 2501 672 436„

310 691 474 750 „longo
501 704 724 749 papavera
753 690 923 744 collo;“
959 690 1063 735 licet
1090 690 1206 738 enim
1234 705 1306 735 res
1339 688 1397 734 ad
1424 689 1573 747 plures
1602 688 1833 733 referenda
1855 690 1936 744 sit,
1970 698 2116 735 tamen
2144 689 2373 748 Vergilius
2400 705 2496 740 sae-

309 758 486 816 pissime
505 757 719 835 singulari
738 758 894 814 utitur,
924 756 981 802 ad
1004 773 1136 814 quam
1164 756 1340 802 dicendi
1361 755 1753 804 consuetudinem'
1740 771 1786 802 m
1815 758 1855 814 ξ.
1876 757 1903 799 2
1932 756 2071 800 multa
2090 757 2250 814 collegi
2281 759 2492 816 exempla.

310 825 387 873 Sic
406 827 538 870 etiam
567 826 614 868 in
634 824 689 869 iis
708 839 822 880 quae
842 825 1026 883 legimus
1046 824 1156 880 VII,
1171 826 1276 869 394:
1305 823 1583 880 „Deseruere
1603 822 1772 881 domos,
1798 824 1941 870 ventis
1961 823 2070 868 dant
2095 824 2210 868 00115.
2228 828 2493 883 0011155111ιοιι

311 882 496 951 pluralis
514 907 602 935 non
632 892 812 949 ponitur
829 899 1009 951 propter
1037 893 1188 949 plures
1216 897 1391 947 matres,
1419 890 1497 937 sed
1517 891 1721 939 humeros
1746 898 1901 949 pectus
1920 906 2100 948 quoque
2130 892 2296 941 nudata
2315 893 2497 947 indicat,

312 961 454 1016 qualis
484 975 577 1004 esse
612 959 725 1002 solet
753 960 1019 1004 Maenadum
1046 960 1240 1005 habitus.
1291 958 1379 1005 Ov.
1393 959 1457 1004 M.
1472 958 1546 1013 ΙΙ,
1552 959 1657 1004 673:
1684 964 1854 1017 „utque
1881 959 1982 1018 vagi
2012 960 2156 1004 crines
2183 975 2263 1018 per
2293 960 2406 1016 colla
2426 963 2496 1018 ja-

311 1027 489 1082 cebant,
523 1027 579 1070 In
616 1026 794 1072 dextras
828 1028 974 1071 abiere
1002 1027 1187 1085 jubas&
1226 1027 1317 1083 111,
1341 1028 1442 1071 169:
1478 1041 1685 1084 „sparsos
1728 1042 1810 1084 per
1848 1026 1960 1071 colla
1994 1027 2203 1085 capillos.‘
2206 1033 2220 1056 ‘
2287 1028 2496 1085 Denique

312 1099 367 1143 A.
385 1096 448 1148 X,
464 1096 569 1139 838:
600 1095 723 1152 „ipse
752 1111 885 1155 aeger
901 1095 1123 1139 <anhelans
1144 1093 1272 1139 Colla
1299 1096 1432 1151 fovet,
1461 1096 1584 1140 fusus
1603 1110 1842 1153 propexam
1872 1096 1918 1138 in
1946 1102 2128 1152 pectore
2158 1095 2371 1140 barbam“
2401 1098 2493 1140 col-

311 1165 453 1206 lorum
491 1162 705 1206 vocabulo
740 1163 870 1206 simul
899 1170 943 1206 et
973 1170 1110 1220 caput
1137 1163 1430 1221 significatur,
1467 1164 1640 1209 omnino
1677 1177 1848 1206 summa
1882 1162 2083 1219 corporis
2122 1178 2248 1220 pars,
2283 1179 2426 1220 neque
2455 1166 2497 1208 is

311 1244 444 1287 quem
480 1229 631 1274 attulit
660 1229 910 1275 Ladevicus
945 1230 1070 1275 locus
1101 1228 1346 1276 Ovidianus
1383 1231 1510 1274 aliter
1539 1229 1827 1287 explicandus
1856 1236 1933 1274 est.
1991 1229 2241 1288 Singularis
2279 1247 2381 1274 vero
2411 1248 2495 1275 nu..

310 1312 455 1344 merus
484 1298 629 1344 locum
658 1297 802 1354 habet,
832 1298 870 1344 si
899 1298 1061 1344 collum
1090 1299 1135 1343 in
1164 1298 1417 1344 universum
1446 1298 1690 1357 respicitur.
1736 1297 1800 1354 X,
1819 1298 1920 1342 1352
1950 1296 2136 1353 „Qualis
2157 1316 2329 1357 gemma
2348 1301 2495 1355 micat,

309 1367 477 1409 fulvom
522 1381 636 1424 quae
680 1367 839 1411 dividit
887 1382 1061 1423 aurum,
1111 1368 1207 1411 Aut
1248 1366 1364 1411 collo
1401 1366 1534 1412 decus
1576 1373 1653 1411 aut
1694 1366 1873 1424 capiti.“
1916 1393 1971 1400 -
2015 1366 2213 1411 Verbum
2257 1367 2378 1424 quod
2430 1375 2499 1413 est

310 1442 524 1490 pectora
553 1450 688 1491 quum
717 1438 773 1477 A.
797 1435 932 1490 VIII,
956 1436 1060 1478 267:
1097 1435 1297 1491 „voltum
1326 1434 1567 1491 villosaque
1593 1434 1728 1479 saetis
1754 1433 1940 1479 Pectora
1968 1435 2190 1480 semiferi“
2225 1434 2375 1494 (Caci)
2403 1436 2495 1481 sine

310 1502 579 1545 dubitatione
610 1503 665 1544 ad
694 1503 1039 1560 amplificandam
1069 1504 1355 1559 quantitatem
1375 1507 1635 1561 usurpatum
1663 1503 1736 1558 sit,
1767 1513 1909 1546 cetero
1942 1503 2050 1559 quin
2071 1518 2157 1546 non
2188 1504 2249 1548 ita
2275 1504 2495 1548 invenitur

311 1571 526 1625 positum,
562 1577 613 1612 ut
651 1570 759 1612 haec
792 1572 982 1615 notionis
1024 1573 1090 1615 vis
1128 1572 1254 1615 facile
1297 1571 1605 1628 adgnoscatur.
1670 1570 1766 1614 Nec
1800 1577 1945 1614 tamen
1984 1571 2146 1628 ambigi
2180 1578 2346 1627 potest,
2391 1588 2493 1628 pro-

311 1637 405 1691 prie
438 1637 525 1680 tale
561 1637 667 1692 quid
707 1644 923 1694 tamquam
968 1639 1098 1680 finem
1142 1640 1408 1695 spectavisse
1443 1644 1637 1694 poetam,
1679 1638 1885 1681 nimirum
1925 1643 1976 1680 ut
2004 1637 2050 1680 in
2079 1638 2325 1682 universum
2350 1641 2495 1683 notio-

311 1718 408 1750 nem
438 1704 577 1761 magis
616 1704 847 1748 extolleret
874 1705 1219 1762 vividioremque
1255 1704 1473 1750 redderet.
1516 1703 1592 1749 Sic
1616 1705 1657 1760 Ι,
1677 1705 1782 1749 355:
1813 1704 2058 1760 „Crudeles
2092 1720 2189 1749 aras
2225 1709 2496 1764 trajectaque

310 1781 489 1827 pectora
523 1771 640 1815 ferro
679 1771 908 1816 Nudavit“
944 1774 1064 1816 notio
1092 1773 1310 1828 nudandi,
1347 1773 1457 1827 VII,
1484 1774 1585 1816 349:
1611 1773 1723 1828 „Ille
1762 1773 1877 1817 inter
1914 1778 2056 1817 vestes
2093 1779 2136 1816 et
2170 1773 2282 1817 levia
2317 1782 2496 1831 pectora

310 1839 458 1896 lapsus
492 1839 726 1883 Volvitur“
762 1841 884 1883 notio
920 1840 1122 1884 volvendi
1156 1840 1240 1883 hoc
1267 1841 1429 1897 plurali
1466 1841 1651 1884 acuitur.
1710 1840 1794 1895 IV,
1815 1842 1912 1884 673.
1945 1841 2032 1894 ΧΙ,
2057 1841 2125 1884 86.
2155 1841 2245 1896 IX,
2258 1842 2356 1885 432.
2393 1841 2496 1886 Sin-

308 1906 472 1963 gularis
508 1908 711 1964 ponitur,
747 1908 784 1952 si
822 1908 1058 1951 ablativum
1093 1908 1162 1951 vel
1202 1908 1398 1952 dativum
1435 1907 1654 1952 desiderat
1691 1909 1854 1963 oratio,
1889 1910 2014 1965 cujus
2050 1909 2114 1952 rei
2149 1923 2324 1956 cansam
2359 1925 2499 1967 supra

308 1974 448 2030 tetigi.
507 1976 563 2016 A.
587 1975 673 2030 IX,
697 1976 798 2019 347:
834 1975 1047 2031 „Pectore
1084 1977 1129 2018 in
1158 1975 1343 2020 adverso
1372 1982 1513 2020 totum
1548 1975 1618 2019 cui
1646 1977 1889 2021 comminus
1926 1990 2073 2022 ensem
2103 1975 2357 2022 Condidit.“
2413 1980 2498 2022 At-

310 2056 394 2096 que
424 2050 597 2098 poterat
624 2058 729 2103 sane
757 2044 987 2100 indulgere
1018 2045 1100 2086 hac
1130 2046 1173 2086 in
1203 2059 1250 2086 re
1280 2050 1413 2100 poeta
1440 2050 1581 2087 metro
1609 2044 1679 2087 vel
1707 2058 1831 2099 sono,
1861 2058 1999 2101 quum
2028 2045 2287 2102 plerumque
2331 2045 2498 2092 nullum

310 2108 540 2153 discrimen
584 2110 757 2153 intersit
790 2111 904 2154 inter
945 2112 1075 2168 hujus
1112 2112 1309 2154 vocabuli
1354 2112 1621 2170 singularem
1663 2118 1797 2168 atque
1838 2113 2053 2169 pluralem
2099 2112 2182 2158 nisi
2218 2113 2497 2161 rhetoricum.

311 2174 447 2231 Quod
477 2184 623 2222 tamen
652 2178 724 2222 uni
756 2178 859 2222 huic
886 2179 1102 2223 vocabulo
1132 2182 1294 2223 factum
1324 2195 1418 2224 esse
1448 2179 1687 2236 apparebit.

424 2245 711 2292 Transeamus
742 2245 798 2290 ad
829 2245 951 2290 aliud
979 2246 1210 2291 verborum
1240 2264 1392 2304 genus.
1449 2249 1507 2291 A.
1529 2247 1590 2301 II,
1618 2247 1722 2291 626:
1760 2249 1860 2302 ,,Αο
1891 2248 2027 2290 veluti
2057 2250 2237 2295 summis
2268 2251 2502 2303 antiquam

311 2316 353 2357 in
392 2314 660 2359 montibus
696 2329 852 2358 ornum
885 2312 998 2357 Cum
1029 2314 1145 2359 ferro
1183 2315 1366 2359 accisam
1396 2314 1649 2370 crebrisque
1677 2313 1939 2371 bipennibus
1975 2315 2145 2359 instant
2172 2314 2346 2359 Eruere
2381 2318 2504 2374 agri-.

312 2384 477 2426 colae.“
536 2382 664 2437 VIII,
688 2383 762 2425 53:
793 2382 1042 2440 „Delegere
1079 2383 1223 2426 locum
1260 2388 1305 2426 et
1342 2396 1525 2439 posuere
1561 2383 1607 2426 in
1644 2382 1868 2427 montibus
1905 2382 2060 2427 urbem
2093 2382 2310 2426 Pallantis
2342 2385 2498 2440 proavi

311 2451 365 2493 de
401 2451 576 2492 nomine
614 2450 931 2493 Pallanteum.“
992 2449 1029 2504 Ι,
1052 2450 1126 2493 611
1158 2449 1433 2506 „molemque
1468 2457 1514 2493 et
1550 2456 1721 2495 montes
1757 2450 1936 2506 insuper
1965 2450 2078 2495 altos
2105 2449 2371 2507 Imposuit,“
2407 2466 2500 2507 quo

309 2519 405 2561 loco
450 2532 607 2575 parum
650 2524 767 2561 recte
804 2517 1053 2569 Ladevicus
1095 2516 1149 2561 de
1188 2517 1388 2574 pluribus
1425 2518 1646 2562 montibus
1683 2518 1875 2575 cogitat,
1911 2532 2049 2574 quum
2087 2519 2175 2562 sint
2211 2523 2382 2561 montes
2418 2517 2498 2561 alti

311 2586 428 2627 idem
464 2586 554 2627 fere
593 2600 645 2627 ac
683 2600 806 2628 mons
844 2585 1094 2628 altissimus.
1153 2585 1287 2640 VIII,
1310 2586 1412 2628 653:
1442 2584 1631 2640 „Stabat
1664 2599 1745 2642 pro
1781 2585 1945 2641 templo
1983 2591 2030 2628 et
2065 2584 2345 2642 Capitolia
2381 2584 2499 2648 celsa

310 2652 534 2708 tenebat,“
569 2653 731 2710 quibus
767 2658 951 2709 propter
984 2667 1212 2697 commune
1249 2652 1513 2710 adjectivum
1549 2652 1756 2695 continuo
1794 2658 1939 2709 potest
1973 2652 2157 2710 adjungi
2185 2652 2226 2707 I,
2244 2653 2344 2697 183:
2374 2652 2499 2706 „Aut

312 2719 473 2778 Capyn
502 2727 578 2763 aut
606 2721 733 2764 celsis
762 2721 807 2763 in
838 2720 1105 2776 puppibus
1134 2735 1256 2763 arma
1285 2718 1523 2764 Caici.“—
1540 2719 1626 2776 IX,
1643 2720 1746 2763 575:
1777 2721 1987 2776 „summis
2007 2726 2193 2764 stantem
2223 2735 2305 2775 pro
2334 2721 2497 2762 turri-

310 2787 407 2831 bus
427 2787 583 2831 Idan.“
604 2814 659 2821 —
680 2788 741 2843 II,
760 2789 862 2831 615:
891 2787 1020 2843 „Jam
1042 2802 1232 2832 summas
1255 2802 1404 2831 arces
1425 2787 1625 2831 Tritonia
1644 2787 1855 2844 (respice)
1875 2786 2021 2830 Pallas
2043 2787 2259 2830 Insedit.“
2287 2786 2375 2840 111,
2396 2787 2496 2830 110:

311 2855 537 2909 „nondum
567 2855 699 2898 Ilium
734 2861 779 2899 et
816 2870 939 2900 arces
970 2855 1235 2913 Pergameae
1273 2859 1527 2900 8101010111.ιε
1573 2854 1703 2910 VIII,
1729 2856 1833 2899 375:
1863 2854 2012 2910 „Dum
2047 2854 2164 2899 bello
2191 2854 2391 2912 Argolici
2420 2869 2497 2897 va-

312 2923 480 2967 stabant
510 2923 722 2982 Pergama
748 2939 872 2983 reges
902 2924 1069 2967 Debita
1099 2937 1366 2980 casurasque
1395 2923 1582 2968 inimicis
1610 2923 1784 2983 ignibus
1812 2926 1978 2968 arces.“
2037 2922 2145 2978 VII,
2166 2924 2241 2966 61:
2271 2922 2495 2980 „Gaui-us)

313 2990 458 3045 Quam
495 2999 621 3048 pater
655 2992 896 3046 inventam,
935 2993 1096 3049 primas
1137 3007 1233 3035 cum
1278 2992 1487 3036 conderet
1521 3007 1658 3045 arces,
1688 2992 1789 3048 Ipse
1826 2991 2051 3035 ferebatur
2087 2991 2268 3034 Phoebo
2303 3004 2499 3036 sacrasse
