<?xml version="1.0" encoding="UTF-8"?>
<!DOCTYPE html PUBLIC "-//W3C//DTD XHTML 1.0 Transitional//EN"
    "http://www.w3.org/TR/xhtml1/DTD/xhtml1-transitional.dtd">
<html xmlns="http://www.w3.org/1999/xhtml" xml:lang="en" lang="en">
 <head>
  <title>
</title>
<meta http-equiv="Content-Type" content="text/html;charset=utf-8" />
  <meta name='ocr-system' content='tesseract 3.04.00' />
  <meta name='ocr-capabilities' content='ocr_page ocr_carea ocr_par ocr_line ocrx_word'/>
</head>
<body>
  <div class='ocr_page' id='page_1' title='image "4767270_0025.png"; bbox 0 0 2952 3777; ppageno 0'>
   <div class='ocr_carea' id='block_1_1' title="bbox 386 303 2572 493">
    <p class='ocr_par' dir='ltr' id='par_1_1' title="bbox 386 303 2572 493">
     <span class='ocr_line' id='line_1_1' title="bbox 1309 303 1652 354; baseline 0.003 -13"><span class='ocrx_word' id='word_1_1' title='bbox 1309 327 1378 341; x_wconf 86' lang='lat'>...</span> <span class='ocrx_word' id='word_1_2' title='bbox 1447 303 1514 354; x_wconf 70' lang='lat'>1⁹</span> <span class='ocrx_word' id='word_1_3' title='bbox 1584 327 1652 342; x_wconf 82' lang='grc'>..-</span> 
     </span>
     <span class='ocr_line' id='line_1_2' title="bbox 386 431 2572 493; baseline 0 -13"><span class='ocrx_word' id='word_1_4' title='bbox 386 450 522 493; x_wconf 78' lang='lat' dir='ltr'>quam</span> <span class='ocrx_word' id='word_1_5' title='bbox 559 434 800 493; x_wconf 77' lang='lat' dir='ltr'><strong>diligenter</strong></span> <span class='ocrx_word' id='word_1_6' title='bbox 833 433 1084 491; x_wconf 71' lang='lat' dir='ltr'>adjunxerit</span> <span class='ocrx_word' id='word_1_7' title='bbox 1114 441 1250 492; x_wconf 75' lang='lat' dir='ltr'>poeta</span> <span class='ocrx_word' id='word_1_8' title='bbox 1289 431 1359 478; x_wconf 70' lang='lat' dir='ltr'>td-</span> <span class='ocrx_word' id='word_1_9' title='bbox 1382 433 1630 493; x_wconf 68' lang='lat' dir='ltr'>putenti-n</span> <span class='ocrx_word' id='word_1_10' title='bbox 1646 434 1950 492; x_wconf 57' lang='lat' dir='ltr'>odjeeu&#39;vum,</span> <span class='ocrx_word' id='word_1_11' title='bbox 1977 440 2029 477; x_wconf 82' lang='lat' dir='ltr'>ut</span> <span class='ocrx_word' id='word_1_12' title='bbox 2061 435 2235 479; x_wconf 74' lang='lat' dir='ltr'>notioni</span> <span class='ocrx_word' id='word_1_13' title='bbox 2265 442 2387 480; x_wconf 64' lang='lat' dir='ltr'>emet</span> <span class='ocrx_word' id='word_1_14' title='bbox 2418 436 2572 483; x_wconf 68' lang='lat' dir='ltr'>end-i</span> 
     </span>
    </p>
   </div>
   <div class='ocr_carea' id='block_1_2' title="bbox 287 499 2573 562">
    <p class='ocr_par' dir='ltr' id='par_1_2' title="bbox 287 499 2573 562">
     <span class='ocr_line' id='line_1_3' title="bbox 287 499 2573 562; baseline 0.003 -20"><span class='ocrx_word' id='word_1_15' title='bbox 287 539 291 542; x_wconf 85' lang='lat'>.</span> <span class='ocrx_word' id='word_1_16' title='bbox 385 502 580 561; x_wconf 73' lang='lat' dir='ltr'>gravitas</span> <span class='ocrx_word' id='word_1_17' title='bbox 597 508 733 559; x_wconf 77' lang='lat' dir='ltr'>atque</span> <span class='ocrx_word' id='word_1_18' title='bbox 756 500 938 546; x_wconf 82' lang='lat' dir='ltr'>viribus.</span> <span class='ocrx_word' id='word_1_19' title='bbox 983 500 1169 556; x_wconf 45' lang='lat'>232&amp;</span> <span class='ocrx_word' id='word_1_20' title='bbox 1192 501 1343 557; x_wconf 77' lang='lat' dir='ltr'>„Dum</span> <span class='ocrx_word' id='word_1_21' title='bbox 1360 502 1566 559; x_wconf 72' lang='lat' dir='ltr'>sequeris</span> <span class='ocrx_word' id='word_1_22' title='bbox 1581 499 1781 561; x_wconf 53' lang='lat' dir='ltr'>clysma</span> <span class='ocrx_word' id='word_1_23' title='bbox 1803 501 1968 557; x_wconf 65' lang='lat' dir='ltr'>idelix,</span> <span class='ocrx_word' id='word_1_24' title='bbox 1996 516 2111 545; x_wconf 74' lang='lat' dir='ltr'>nova</span> <span class='ocrx_word' id='word_1_25' title='bbox 2128 501 2341 560; x_wconf 76' lang='lat' dir='ltr'>gandia,</span> <span class='ocrx_word' id='word_1_26' title='bbox 2368 502 2573 562; x_wconf 50' lang='lat' dir='ltr'>Cydon?</span> 
     </span>
    </p>
   </div>
   <div class='ocr_carea' id='block_1_3' title="bbox 380 568 2618 2719">
    <p class='ocr_par' dir='ltr' id='par_1_3' title="bbox 384 568 2618 1777">
     <span class='ocr_line' id='line_1_4' title="bbox 386 568 2575 633; baseline 0 -18"><span class='ocrx_word' id='word_1_27' title='bbox 386 571 491 615; x_wconf 70' lang='lat'>6522</span> <span class='ocrx_word' id='word_1_28' title='bbox 528 570 685 626; x_wconf 72' lang='lat' dir='ltr'>„Talia</span> <span class='ocrx_word' id='word_1_29' title='bbox 720 569 961 613; x_wconf 69' lang='lat' dir='ltr'>vociferans</span> <span class='ocrx_word' id='word_1_30' title='bbox 996 570 1201 625; x_wconf 76' lang='lat' dir='ltr'>seqnitur</span> <span class='ocrx_word' id='word_1_31' title='bbox 1228 569 1522 625; x_wconf 63' lang='lat' dir='ltr'>sitimque</span> <span class='ocrx_word' id='word_1_32' title='bbox 1551 575 1767 633; x_wconf 17' lang='lat' dir='ltr'>nooman</span> <span class='ocrx_word' id='word_1_33' title='bbox 1780 568 2039 613; x_wconf 57' lang='lat' dir='ltr'>hannem</span> <span class='ocrx_word' id='word_1_34' title='bbox 2074 584 2159 614; x_wconf 77' lang='lat' dir='ltr'>nee</span> <span class='ocrx_word' id='word_1_35' title='bbox 2194 570 2311 614; x_wconf 79' lang='lat' dir='ltr'>ferre</span> <span class='ocrx_word' id='word_1_36' title='bbox 2342 571 2465 615; x_wconf 81' lang='lat' dir='ltr'>videt</span> <span class='ocrx_word' id='word_1_37' title='bbox 2491 586 2575 616; x_wconf 72' lang='lat' dir='ltr'>sna</span> 
     </span>
     <span class='ocr_line' id='line_1_5' title="bbox 384 635 2574 697; baseline -0 -14"><span class='ocrx_word' id='word_1_38' title='bbox 384 638 545 697; x_wconf 82' lang='lat' dir='ltr'>gaudia</span> <span class='ocrx_word' id='word_1_39' title='bbox 580 642 778 683; x_wconf 78' lang='lat' dir='ltr'>ventos-‘⁸</span> <span class='ocrx_word' id='word_1_40' title='bbox 834 635 968 692; x_wconf 81' lang='lat' dir='ltr'>VIII,</span> <span class='ocrx_word' id='word_1_41' title='bbox 990 639 1094 682; x_wconf 75' lang='lat'>514:</span> <span class='ocrx_word' id='word_1_42' title='bbox 1130 636 1295 692; x_wconf 82' lang='lat' dir='ltr'>„Hune</span> <span class='ocrx_word' id='word_1_43' title='bbox 1327 636 1410 682; x_wconf 82' lang='lat' dir='ltr'>tibi</span> <span class='ocrx_word' id='word_1_44' title='bbox 1437 645 1686 695; x_wconf 66' lang='lat' dir='ltr'>praetereo,</span> <span class='ocrx_word' id='word_1_45' title='bbox 1721 650 1843 693; x_wconf 74' lang='lat' dir='ltr'>opes</span> <span class='ocrx_word' id='word_1_46' title='bbox 1876 644 1923 680; x_wconf 86' lang='lat' dir='ltr'>et</span> <span class='ocrx_word' id='word_1_47' title='bbox 1949 638 2150 681; x_wconf 74' lang='lat' dir='ltr'>solacia</span> <span class='ocrx_word' id='word_1_48' title='bbox 2184 639 2339 693; x_wconf 81' lang='lat' dir='ltr'>nostri,</span> <span class='ocrx_word' id='word_1_49' title='bbox 2368 639 2574 683; x_wconf 71' lang='lat' dir='ltr'>Pallanta</span> 
     </span>
     <span class='ocr_line' id='line_1_6' title="bbox 387 693 2574 766; baseline 0.001 -16"><span class='ocrx_word' id='word_1_50' title='bbox 387 705 671 765; x_wconf 80' lang='lat' dir='ltr'>adjungam.“</span> <span class='ocrx_word' id='word_1_51' title='bbox 729 702 815 749; x_wconf 63' lang='lat' dir='ltr'>Or.</span> <span class='ocrx_word' id='word_1_52' title='bbox 838 693 948 749; x_wconf 67' lang='lat' dir='ltr'>Het-</span> <span class='ocrx_word' id='word_1_53' title='bbox 970 704 1054 760; x_wconf 77' lang='lat' dir='ltr'>IV,</span> <span class='ocrx_word' id='word_1_54' title='bbox 1077 705 1183 749; x_wconf 76' lang='lat'>604:</span> <span class='ocrx_word' id='word_1_55' title='bbox 1220 703 1341 760; x_wconf 75' lang='lat' dir='ltr'>„sed</span> <span class='ocrx_word' id='word_1_56' title='bbox 1375 711 1525 749; x_wconf 76' lang='lat' dir='ltr'>tamen</span> <span class='ocrx_word' id='word_1_57' title='bbox 1560 702 1777 749; x_wconf 75' lang='lat' dir='ltr'>ambobus</span> <span class='ocrx_word' id='word_1_58' title='bbox 1818 719 1973 750; x_wconf 66' lang='lat' dir='ltr'>versae</span> <span class='ocrx_word' id='word_1_59' title='bbox 2005 705 2171 750; x_wconf 73' lang='lat' dir='ltr'>solacia</span> <span class='ocrx_word' id='word_1_60' title='bbox 2203 705 2368 751; x_wconf 64' lang='lat' dir='ltr'>formae</span> <span class='ocrx_word' id='word_1_61' title='bbox 2405 707 2574 766; x_wconf 64' lang='lat' dir='ltr'>Mag-nn</span> 
     </span>
     <span class='ocr_line' id='line_1_7' title="bbox 386 772 2569 831; baseline 0.001 -14"><span class='ocrx_word' id='word_1_62' title='bbox 386 787 520 831; x_wconf 86' lang='lat' dir='ltr'>nepos</span> <span class='ocrx_word' id='word_1_63' title='bbox 555 773 748 818; x_wconf 78' lang='lat' dir='ltr'>fuerat.“</span> <span class='ocrx_word' id='word_1_64' title='bbox 806 774 863 816; x_wconf 95' lang='lat' dir='ltr'>A.</span> <span class='ocrx_word' id='word_1_65' title='bbox 892 773 955 827; x_wconf 87' lang='lat' dir='ltr'>X,</span> <span class='ocrx_word' id='word_1_66' title='bbox 977 774 1083 818; x_wconf 73' lang='lat'>5242</span> <span class='ocrx_word' id='word_1_67' title='bbox 1121 772 1239 829; x_wconf 83' lang='lat' dir='ltr'>„Per</span> <span class='ocrx_word' id='word_1_68' title='bbox 1267 773 1435 830; x_wconf 77' lang='lat' dir='ltr'>patrios</span> <span class='ocrx_word' id='word_1_69' title='bbox 1471 773 1612 818; x_wconf 50' lang='lat' dir='ltr'>man&amp;</span> <span class='ocrx_word' id='word_1_70' title='bbox 1643 779 1692 817; x_wconf 77' lang='lat' dir='ltr'>et</span> <span class='ocrx_word' id='word_1_71' title='bbox 1723 785 1825 829; x_wconf 74' lang='lat' dir='ltr'>spes</span> <span class='ocrx_word' id='word_1_72' title='bbox 1861 774 2084 830; x_wconf 78' lang='lat' dir='ltr'>surgentis</span> <span class='ocrx_word' id='word_1_73' title='bbox 2109 773 2247 818; x_wconf 68' lang='lat' dir='ltr'>‹Iuli-‘⁴</span> <span class='ocrx_word' id='word_1_74' title='bbox 2305 774 2404 818; x_wconf 74' lang='lat' dir='ltr'>Rei,</span> <span class='ocrx_word' id='word_1_75' title='bbox 2428 775 2495 831; x_wconf 84' lang='lat'>11,</span> <span class='ocrx_word' id='word_1_76' title='bbox 2523 777 2569 819; x_wconf 81' lang='lat'>2:</span> 
     </span>
     <span class='ocr_line' id='line_1_8' title="bbox 386 834 2570 899; baseline 0.001 -14"><span class='ocrx_word' id='word_1_77' title='bbox 386 841 706 898; x_wconf 79' lang='lat' dir='ltr'>„Formonsum</span> <span class='ocrx_word' id='word_1_78' title='bbox 736 846 889 898; x_wconf 74' lang='lat' dir='ltr'>pastor</span> <span class='ocrx_word' id='word_1_79' title='bbox 905 838 1116 899; x_wconf 78' lang='lat' dir='ltr'><strong>Corydon</strong></span> <span class='ocrx_word' id='word_1_80' title='bbox 1146 840 1336 886; x_wconf 78' lang='lat' dir='ltr'>ardebat</span> <span class='ocrx_word' id='word_1_81' title='bbox 1349 840 1529 886; x_wconf 82' lang='lat' dir='ltr'>Alexim</span> <span class='ocrx_word' id='word_1_82' title='bbox 1548 834 1796 886; x_wconf 75' lang='lat' dir='ltr'>Delicias</span> <span class='ocrx_word' id='word_1_83' title='bbox 1821 839 2034 885; x_wconf 85' lang='lat' dir='ltr'>domini.“</span> <span class='ocrx_word' id='word_1_84' title='bbox 2075 839 2288 886; x_wconf 61' lang='lat' dir='ltr'>Coum</span> <span class='ocrx_word' id='word_1_85' title='bbox 2303 840 2570 887; x_wconf 72' lang='lat' dir='ltr'>Catulliana:</span> 
     </span>
     <span class='ocr_line' id='line_1_9' title="bbox 386 908 2570 968; baseline 0 -14"><span class='ocrx_word' id='word_1_86' title='bbox 386 910 569 955; x_wconf 78' lang='lat' dir='ltr'><strong>deliciae</strong></span> <span class='ocrx_word' id='word_1_87' title='bbox 604 910 647 963; x_wconf 88' lang='grc'>2,</span> <span class='ocrx_word' id='word_1_88' title='bbox 665 911 703 952; x_wconf 88' lang='grc'>1.</span> <span class='ocrx_word' id='word_1_89' title='bbox 733 909 775 964; x_wconf 88' lang='lat'>3,</span> <span class='ocrx_word' id='word_1_90' title='bbox 791 910 835 952; x_wconf 86' lang='lat'>4.</span> <span class='ocrx_word' id='word_1_91' title='bbox 865 909 908 965; x_wconf 87' lang='grc'>6,</span> <span class='ocrx_word' id='word_1_92' title='bbox 926 911 1163 954; x_wconf 65' lang='lat' dir='ltr'>Lamon-es</span> <span class='ocrx_word' id='word_1_93' title='bbox 1195 911 1238 966; x_wconf 81' lang='lat'>6,</span> <span class='ocrx_word' id='word_1_94' title='bbox 1267 910 1335 953; x_wconf 81' lang='lat'>16.</span> <span class='ocrx_word' id='word_1_95' title='bbox 1364 910 1433 966; x_wconf 82' lang='lat'>10,</span> <span class='ocrx_word' id='word_1_96' title='bbox 1453 911 1491 953; x_wconf 84' lang='lat'>1.</span> <span class='ocrx_word' id='word_1_97' title='bbox 1524 910 1592 964; x_wconf 83' lang='lat'>13,</span> <span class='ocrx_word' id='word_1_98' title='bbox 1607 910 1648 953; x_wconf 83' lang='lat'>9.</span> <span class='ocrx_word' id='word_1_99' title='bbox 1676 909 1855 967; x_wconf 76' lang='lat' dir='ltr'>lepores</span> <span class='ocrx_word' id='word_1_100' title='bbox 1883 909 1955 964; x_wconf 84' lang='lat'>32,</span> <span class='ocrx_word' id='word_1_101' title='bbox 1978 910 2019 952; x_wconf 89' lang='lat'>2.</span> <span class='ocrx_word' id='word_1_102' title='bbox 2048 910 2148 954; x_wconf 79' lang='lat' dir='ltr'>alia.</span> <span class='ocrx_word' id='word_1_103' title='bbox 2206 908 2414 954; x_wconf 80' lang='lat' dir='ltr'>Ceterum</span> <span class='ocrx_word' id='word_1_104' title='bbox 2441 910 2570 968; x_wconf 75' lang='lat' dir='ltr'>vires,</span> 
     </span>
     <span class='ocr_line' id='line_1_10' title="bbox 386 976 2570 1035; baseline 0.001 -14"><span class='ocrx_word' id='word_1_105' title='bbox 386 978 519 1021; x_wconf 88' lang='lat' dir='ltr'>etiam</span> <span class='ocrx_word' id='word_1_106' title='bbox 538 978 576 1022; x_wconf 89' lang='lat' dir='ltr'>si</span> <span class='ocrx_word' id='word_1_107' title='bbox 594 977 775 1035; x_wconf 84' lang='lat' dir='ltr'>propria</span> <span class='ocrx_word' id='word_1_108' title='bbox 795 976 1114 1035; x_wconf 81' lang='lat' dir='ltr'>significatione</span> <span class='ocrx_word' id='word_1_109' title='bbox 1133 984 1419 1035; x_wconf 77' lang='lat' dir='ltr'><strong>usurpantur,</strong></span> <span class='ocrx_word' id='word_1_110' title='bbox 1447 992 1756 1035; x_wconf 80' lang='lat' dir='ltr'>nonnunquam</span> <span class='ocrx_word' id='word_1_111' title='bbox 1776 976 2075 1034; x_wconf 67' lang='lat' dir='ltr'>amplificandi</span> <span class='ocrx_word' id='word_1_112' title='bbox 2099 984 2144 1022; x_wconf 80' lang='lat' dir='ltr'>et</span> <span class='ocrx_word' id='word_1_113' title='bbox 2162 977 2400 1022; x_wconf 75' lang='lat' dir='ltr'>extollendi</span> <span class='ocrx_word' id='word_1_114' title='bbox 2419 978 2570 1023; x_wconf 75' lang='lat' dir='ltr'>studio</span> 
     </span>
     <span class='ocr_line' id='line_1_11' title="bbox 384 1043 2570 1103; baseline 0.001 -16"><span class='ocrx_word' id='word_1_115' title='bbox 384 1045 645 1089; x_wconf 82' lang='lat' dir='ltr'>inserviunt.</span> <span class='ocrx_word' id='word_1_116' title='bbox 690 1046 744 1087; x_wconf 89' lang='lat' dir='ltr'>A.</span> <span class='ocrx_word' id='word_1_117' title='bbox 760 1044 822 1098; x_wconf 87' lang='lat'>11,</span> <span class='ocrx_word' id='word_1_118' title='bbox 839 1046 913 1088; x_wconf 76' lang='lat'>50:</span> <span class='ocrx_word' id='word_1_119' title='bbox 944 1043 1052 1099; x_wconf 83' lang='lat' dir='ltr'>„Sic</span> <span class='ocrx_word' id='word_1_120' title='bbox 1070 1045 1188 1088; x_wconf 85' lang='lat' dir='ltr'>fatus</span> <span class='ocrx_word' id='word_1_121' title='bbox 1208 1045 1363 1089; x_wconf 84' lang='lat' dir='ltr'>validis</span> <span class='ocrx_word' id='word_1_122' title='bbox 1383 1046 1606 1103; x_wconf 78' lang='lat' dir='ltr'>ingentem</span> <span class='ocrx_word' id='word_1_123' title='bbox 1635 1045 1807 1089; x_wconf 71' lang='lat' dir='ltr'>viribus</span> <span class='ocrx_word' id='word_1_124' title='bbox 1822 1044 1990 1088; x_wconf 75' lang='lat' dir='ltr'>hastam</span> <span class='ocrx_word' id='word_1_125' title='bbox 2020 1044 2076 1087; x_wconf 91' lang='lat' dir='ltr'>In</span> <span class='ocrx_word' id='word_1_126' title='bbox 2096 1046 2213 1090; x_wconf 77' lang='lat' dir='ltr'>latus</span> <span class='ocrx_word' id='word_1_127' title='bbox 2227 1071 2284 1078; x_wconf 95' lang='lat'>—</span> <span class='ocrx_word' id='word_1_128' title='bbox 2298 1044 2570 1090; x_wconf 56' lang='grc' dir='ltr'>(ὶοιιΐιουοὶίῐ.ιι</span> 
     </span>
     <span class='ocr_line' id='line_1_12' title="bbox 385 1110 2569 1168; baseline 0 -13"><span class='ocrx_word' id='word_1_129' title='bbox 385 1111 518 1165; x_wconf 83' lang='lat' dir='ltr'>Vm,</span> <span class='ocrx_word' id='word_1_130' title='bbox 538 1112 644 1154; x_wconf 77' lang='lat'>404:</span> <span class='ocrx_word' id='word_1_131' title='bbox 673 1111 863 1167; x_wconf 86' lang='lat' dir='ltr'>„absiste</span> <span class='ocrx_word' id='word_1_132' title='bbox 890 1111 1109 1168; x_wconf 76' lang='lat' dir='ltr'>precando</span> <span class='ocrx_word' id='word_1_133' title='bbox 1139 1112 1322 1157; x_wconf 77' lang='lat' dir='ltr'>Viribus</span> <span class='ocrx_word' id='word_1_134' title='bbox 1350 1112 1603 1156; x_wconf 76' lang='lat' dir='ltr'>indubitare</span> <span class='ocrx_word' id='word_1_135' title='bbox 1631 1114 1766 1156; x_wconf 70' lang='lat' dir='ltr'>tuis-‘⁴</span> <span class='ocrx_word' id='word_1_136' title='bbox 1806 1110 2019 1155; x_wconf 76' lang='lat' dir='ltr'>Similiter</span> <span class='ocrx_word' id='word_1_137' title='bbox 2048 1113 2237 1157; x_wconf 67' lang='lat' dir='ltr'>Ovidius</span> <span class='ocrx_word' id='word_1_138' title='bbox 2265 1115 2372 1157; x_wconf 78' lang='lat' dir='ltr'>Met.</span> <span class='ocrx_word' id='word_1_139' title='bbox 2387 1114 2477 1168; x_wconf 83' lang='grc' dir='ltr'>ΙΙΙ,</span> <span class='ocrx_word' id='word_1_140' title='bbox 2493 1116 2569 1157; x_wconf 72' lang='lat'>642</span> 
     </span>
     <span class='ocr_line' id='line_1_13' title="bbox 385 1178 2567 1237; baseline 0 -15"><span class='ocrx_word' id='word_1_141' title='bbox 385 1178 589 1235; x_wconf 79' lang='lat' dir='ltr'>„validos</span> <span class='ocrx_word' id='word_1_142' title='bbox 623 1185 725 1223; x_wconf 84' lang='lat' dir='ltr'>cute</span> <span class='ocrx_word' id='word_1_143' title='bbox 754 1179 950 1236; x_wconf 80' lang='lat' dir='ltr'>reppulit</span> <span class='ocrx_word' id='word_1_144' title='bbox 975 1179 1122 1223; x_wconf 84' lang='lat' dir='ltr'>ietus“</span> <span class='ocrx_word' id='word_1_145' title='bbox 1151 1179 1208 1223; x_wconf 89' lang='lat' dir='ltr'>de</span> <span class='ocrx_word' id='word_1_146' title='bbox 1231 1181 1354 1237; x_wconf 76' lang='lat' dir='ltr'>jactu</span> <span class='ocrx_word' id='word_1_147' title='bbox 1383 1180 1501 1233; x_wconf 75' lang='lat' dir='ltr'>saxi3</span> <span class='ocrx_word' id='word_1_148' title='bbox 1536 1194 1684 1225; x_wconf 77' lang='lat' dir='ltr'>rursus</span> <span class='ocrx_word' id='word_1_149' title='bbox 1712 1178 1942 1236; x_wconf 76' lang='lat' dir='ltr'>Vergilius</span> <span class='ocrx_word' id='word_1_150' title='bbox 1969 1181 2026 1222; x_wconf 87' lang='lat' dir='ltr'>A.</span> <span class='ocrx_word' id='word_1_151' title='bbox 2043 1179 2107 1234; x_wconf 95' lang='lat' dir='ltr'>X,</span> <span class='ocrx_word' id='word_1_152' title='bbox 2122 1181 2227 1222; x_wconf 80' lang='lat'>496:</span> <span class='ocrx_word' id='word_1_153' title='bbox 2256 1181 2461 1236; x_wconf 83' lang='lat' dir='ltr'>„rapiens</span> <span class='ocrx_word' id='word_1_154' title='bbox 2486 1182 2567 1224; x_wconf 89' lang='lat' dir='ltr'>im-</span> 
     </span>
     <span class='ocr_line' id='line_1_14' title="bbox 384 1239 2618 1304; baseline 0.001 -15"><span class='ocrx_word' id='word_1_155' title='bbox 384 1247 531 1290; x_wconf 85' lang='lat' dir='ltr'>mania</span> <span class='ocrx_word' id='word_1_156' title='bbox 558 1245 799 1304; x_wconf 85' lang='lat' dir='ltr'>pondera</span> <span class='ocrx_word' id='word_1_157' title='bbox 829 1246 1005 1290; x_wconf 88' lang='lat' dir='ltr'>baltei.“</span> <span class='ocrx_word' id='word_1_158' title='bbox 1052 1246 1212 1303; x_wconf 80' lang='lat' dir='ltr'>Neque</span> <span class='ocrx_word' id='word_1_159' title='bbox 1240 1239 1364 1292; x_wconf 72' lang='lat' dir='ltr'>aestu</span> <span class='ocrx_word' id='word_1_160' title='bbox 1393 1254 1438 1292; x_wconf 89' lang='lat' dir='ltr'>et</span> <span class='ocrx_word' id='word_1_161' title='bbox 1463 1247 1633 1291; x_wconf 74' lang='lat' dir='ltr'>fervore</span> <span class='ocrx_word' id='word_1_162' title='bbox 1660 1246 1708 1290; x_wconf 81' lang='lat' dir='ltr'>in</span> <span class='ocrx_word' id='word_1_163' title='bbox 1737 1245 1859 1292; x_wconf 70' lang='lat' dir='ltr'>bno</span> <span class='ocrx_word' id='word_1_164' title='bbox 1884 1245 2066 1289; x_wconf 82' lang='lat' dir='ltr'>modum</span> <span class='ocrx_word' id='word_1_165' title='bbox 2095 1246 2161 1289; x_wconf 83' lang='lat' dir='ltr'>uti</span> <span class='ocrx_word' id='word_1_166' title='bbox 2190 1254 2418 1291; x_wconf 78' lang='lat' dir='ltr'>aversatur</span> <span class='ocrx_word' id='word_1_167' title='bbox 2437 1255 2569 1304; x_wconf 79' lang='lat' dir='ltr'>poeta</span> <span class='ocrx_word' id='word_1_168' title='bbox 2613 1282 2618 1286; x_wconf 83' lang='grc'><strong>.</strong></span> 
     </span>
     <span class='ocr_line' id='line_1_15' title="bbox 384 1312 2569 1369; baseline 0.002 -14"><span class='ocrx_word' id='word_1_169' title='bbox 384 1320 548 1357; x_wconf 84' lang='lat' dir='ltr'>noster.</span> <span class='ocrx_word' id='word_1_170' title='bbox 608 1313 718 1368; x_wconf 89' lang='lat' dir='ltr'>VII,</span> <span class='ocrx_word' id='word_1_171' title='bbox 740 1314 843 1356; x_wconf 74' lang='lat'><strong>495:</strong></span> <span class='ocrx_word' id='word_1_172' title='bbox 879 1313 1042 1369; x_wconf 85' lang='lat' dir='ltr'>„Hune</span> <span class='ocrx_word' id='word_1_173' title='bbox 1064 1338 1119 1347; x_wconf 90' lang='lat'>—</span> <span class='ocrx_word' id='word_1_174' title='bbox 1145 1313 1437 1358; x_wconf 78' lang='lat' dir='ltr'>Commovere</span> <span class='ocrx_word' id='word_1_175' title='bbox 1467 1328 1618 1368; x_wconf 73' lang='lat' dir='ltr'>eones,</span> <span class='ocrx_word' id='word_1_176' title='bbox 1653 1312 1789 1357; x_wconf 77' lang='lat' dir='ltr'>fluvio</span> <span class='ocrx_word' id='word_1_177' title='bbox 1825 1328 1923 1357; x_wconf 86' lang='lat' dir='ltr'>cnm</span> <span class='ocrx_word' id='word_1_178' title='bbox 1960 1313 2075 1357; x_wconf 82' lang='lat' dir='ltr'>forte</span> <span class='ocrx_word' id='word_1_179' title='bbox 2110 1312 2305 1357; x_wconf 77' lang='lat' dir='ltr'>seeundo</span> <span class='ocrx_word' id='word_1_180' title='bbox 2344 1313 2569 1359; x_wconf 73' lang='lat' dir='ltr'>Defiueret</span> 
     </span>
     <span class='ocr_line' id='line_1_16' title="bbox 385 1381 2570 1442; baseline 0 -17"><span class='ocrx_word' id='word_1_181' title='bbox 385 1381 570 1438; x_wconf 78' lang='lat' dir='ltr'>ripaque</span> <span class='ocrx_word' id='word_1_182' title='bbox 603 1389 785 1425; x_wconf 84' lang='lat' dir='ltr'>aestus</span> <span class='ocrx_word' id='word_1_183' title='bbox 814 1382 1037 1425; x_wconf 81' lang='lat' dir='ltr'>viridante</span> <span class='ocrx_word' id='word_1_184' title='bbox 1075 1383 1286 1426; x_wconf 81' lang='lat' dir='ltr'>levaret.“</span> <span class='ocrx_word' id='word_1_185' title='bbox 1344 1382 1403 1426; x_wconf 81' lang='lat' dir='ltr'>G.</span> <span class='ocrx_word' id='word_1_186' title='bbox 1426 1382 1512 1437; x_wconf 92' lang='lat'>111,</span> <span class='ocrx_word' id='word_1_187' title='bbox 1535 1383 1639 1425; x_wconf 79' lang='lat'>331:</span> <span class='ocrx_word' id='word_1_188' title='bbox 1675 1381 1919 1437; x_wconf 75' lang='lat' dir='ltr'>„Aestibus</span> <span class='ocrx_word' id='word_1_189' title='bbox 1955 1388 2002 1424; x_wconf 79' lang='lat' dir='ltr'>at</span> <span class='ocrx_word' id='word_1_190' title='bbox 2031 1382 2186 1442; x_wconf 80' lang='lat' dir='ltr'>mediis</span> <span class='ocrx_word' id='word_1_191' title='bbox 2214 1382 2464 1426; x_wconf 80' lang='lat' dir='ltr'>umbrosam</span> <span class='ocrx_word' id='word_1_192' title='bbox 2493 1398 2570 1426; x_wconf 82' lang='lat' dir='ltr'>ex·</span> 
     </span>
     <span class='ocr_line' id='line_1_17' title="bbox 384 1448 2566 1505; baseline 0 -13"><span class='ocrx_word' id='word_1_193' title='bbox 384 1449 557 1505; x_wconf 75' lang='lat' dir='ltr'>quir-ere</span> <span class='ocrx_word' id='word_1_194' title='bbox 592 1450 791 1492; x_wconf 83' lang='lat' dir='ltr'>vallem.“</span> <span class='ocrx_word' id='word_1_195' title='bbox 848 1448 931 1504; x_wconf 90' lang='lat' dir='ltr'>IV,</span> <span class='ocrx_word' id='word_1_196' title='bbox 948 1450 1068 1492; x_wconf 63' lang='lat'>4012</span> <span class='ocrx_word' id='word_1_197' title='bbox 1104 1451 1302 1505; x_wconf 84' lang='lat' dir='ltr'>„medios</span> <span class='ocrx_word' id='word_1_198' title='bbox 1339 1465 1437 1494; x_wconf 87' lang='lat' dir='ltr'>eum</span> <span class='ocrx_word' id='word_1_199' title='bbox 1479 1451 1547 1494; x_wconf 87' lang='lat' dir='ltr'>sol</span> <span class='ocrx_word' id='word_1_200' title='bbox 1582 1449 1835 1493; x_wconf 68' lang='lat' dir='ltr'>accenderit</span> <span class='ocrx_word' id='word_1_201' title='bbox 1870 1454 2061 1493; x_wconf 77' lang='lat' dir='ltr'>aestus.“</span> <span class='ocrx_word' id='word_1_202' title='bbox 2120 1448 2206 1492; x_wconf 83' lang='lat' dir='ltr'>Ov.</span> <span class='ocrx_word' id='word_1_203' title='bbox 2234 1450 2345 1493; x_wconf 82' lang='lat' dir='ltr'>Met.</span> <span class='ocrx_word' id='word_1_204' title='bbox 2375 1451 2436 1505; x_wconf 86' lang='grc' dir='ltr'>ΙΙ,</span> <span class='ocrx_word' id='word_1_205' title='bbox 2464 1452 2566 1493; x_wconf 87' lang='lat'>228:</span> 
     </span>
     <span class='ocr_line' id='line_1_18' title="bbox 385 1516 2566 1581; baseline 0.001 -21"><span class='ocrx_word' id='word_1_206' title='bbox 385 1516 567 1572; x_wconf 88' lang='lat' dir='ltr'>„orbem</span> <span class='ocrx_word' id='word_1_207' title='bbox 602 1516 812 1575; x_wconf 79' lang='lat' dir='ltr'><strong>Adspicit</strong></span> <span class='ocrx_word' id='word_1_208' title='bbox 849 1531 1079 1561; x_wconf 83' lang='lat' dir='ltr'>accensum</span> <span class='ocrx_word' id='word_1_209' title='bbox 1103 1533 1182 1561; x_wconf 87' lang='lat' dir='ltr'>nee</span> <span class='ocrx_word' id='word_1_210' title='bbox 1211 1525 1359 1562; x_wconf 86' lang='lat' dir='ltr'>tantos</span> <span class='ocrx_word' id='word_1_211' title='bbox 1396 1519 1582 1562; x_wconf 82' lang='lat' dir='ltr'>sustinet</span> <span class='ocrx_word' id='word_1_212' title='bbox 1611 1522 1800 1562; x_wconf 63' lang='lat' dir='ltr'>mutus-‘⁴</span> <span class='ocrx_word' id='word_1_213' title='bbox 1857 1517 1915 1562; x_wconf 82' lang='lat' dir='ltr'>G.</span> <span class='ocrx_word' id='word_1_214' title='bbox 1937 1517 2023 1572; x_wconf 85' lang='lat'>111,</span> <span class='ocrx_word' id='word_1_215' title='bbox 2048 1519 2149 1560; x_wconf 70' lang='lat'>1542</span> <span class='ocrx_word' id='word_1_216' title='bbox 2180 1516 2346 1572; x_wconf 81' lang='lat' dir='ltr'>„Hune</span> <span class='ocrx_word' id='word_1_217' title='bbox 2373 1533 2566 1581; x_wconf 76' lang='lat' dir='ltr'>quoque,</span> 
     </span>
     <span class='ocr_line' id='line_1_19' title="bbox 384 1584 2567 1644; baseline 0 -16"><span class='ocrx_word' id='word_1_218' title='bbox 384 1600 487 1628; x_wconf 75' lang='lat' dir='ltr'>nam</span> <span class='ocrx_word' id='word_1_219' title='bbox 507 1584 661 1629; x_wconf 89' lang='lat' dir='ltr'>mediis</span> <span class='ocrx_word' id='word_1_220' title='bbox 686 1584 996 1629; x_wconf 79' lang='lat' dir='ltr'>fervoribus</span> <span class='ocrx_word' id='word_1_221' title='bbox 1026 1585 1168 1628; x_wconf 78' lang='lat' dir='ltr'>acrior</span> <span class='ocrx_word' id='word_1_222' title='bbox 1197 1586 1347 1641; x_wconf 87' lang='lat' dir='ltr'>instat,</span> <span class='ocrx_word' id='word_1_223' title='bbox 1376 1586 1564 1629; x_wconf 84' lang='lat' dir='ltr'>Arcebie</span> <span class='ocrx_word' id='word_1_224' title='bbox 1593 1584 1775 1644; x_wconf 74' lang='lat' dir='ltr'>gravido</span> <span class='ocrx_word' id='word_1_225' title='bbox 1803 1586 2001 1642; x_wconf 79' lang='lat' dir='ltr'>pecori.“</span> <span class='ocrx_word' id='word_1_226' title='bbox 2047 1584 2313 1640; x_wconf 77' lang='lat' dir='ltr'>ceteroquin</span> <span class='ocrx_word' id='word_1_227' title='bbox 2334 1585 2441 1629; x_wconf 76' lang='lat' dir='ltr'>haee</span> <span class='ocrx_word' id='word_1_228' title='bbox 2469 1587 2567 1642; x_wconf 83' lang='lat' dir='ltr'>ipsa</span> 
     </span>
     <span class='ocr_line' id='line_1_20' title="bbox 384 1652 2566 1710; baseline 0 -14"><span class='ocrx_word' id='word_1_229' title='bbox 384 1653 516 1697; x_wconf 80' lang='lat' dir='ltr'>verba</span> <span class='ocrx_word' id='word_1_230' title='bbox 544 1653 798 1710; x_wconf 77' lang='lat' dir='ltr'>saepissime</span> <span class='ocrx_word' id='word_1_231' title='bbox 826 1653 889 1698; x_wconf 84' lang='lat' dir='ltr'>sie</span> <span class='ocrx_word' id='word_1_232' title='bbox 919 1659 1156 1709; x_wconf 84' lang='lat' dir='ltr'>ponuntur,</span> <span class='ocrx_word' id='word_1_233' title='bbox 1187 1653 1224 1697; x_wconf 89' lang='lat' dir='ltr'>si</span> <span class='ocrx_word' id='word_1_234' title='bbox 1253 1655 1456 1710; x_wconf 75' lang='lat' dir='ltr'>repetitio</span> <span class='ocrx_word' id='word_1_235' title='bbox 1487 1654 1552 1697; x_wconf 80' lang='lat' dir='ltr'>rei</span> <span class='ocrx_word' id='word_1_236' title='bbox 1578 1659 1814 1710; x_wconf 78' lang='lat' dir='ltr'>spectatur.</span> <span class='ocrx_word' id='word_1_237' title='bbox 1873 1652 1939 1706; x_wconf 85' lang='grc' dir='ltr'>ΙΙ,</span> <span class='ocrx_word' id='word_1_238' title='bbox 1962 1653 2068 1696; x_wconf 80' lang='grc' dir='ltr'>27οε</span> <span class='ocrx_word' id='word_1_239' title='bbox 2098 1667 2220 1707; x_wconf 85' lang='lat' dir='ltr'>„qua</span> <span class='ocrx_word' id='word_1_240' title='bbox 2247 1661 2372 1708; x_wconf 80' lang='lat' dir='ltr'>parte</span> <span class='ocrx_word' id='word_1_241' title='bbox 2401 1654 2566 1698; x_wconf 80' lang='lat' dir='ltr'>calores</span> 
     </span>
     <span class='ocr_line' id='line_1_21' title="bbox 386 1719 1531 1777; baseline 0.001 -15"><span class='ocrx_word' id='word_1_242' title='bbox 386 1720 625 1764; x_wconf 78' lang='lat' dir='ltr'>Austrinos</span> <span class='ocrx_word' id='word_1_243' title='bbox 654 1720 850 1774; x_wconf 78' lang='lat' dir='ltr'>tulerit,“</span> <span class='ocrx_word' id='word_1_244' title='bbox 879 1719 957 1775; x_wconf 89' lang='lat' dir='ltr'>qui</span> <span class='ocrx_word' id='word_1_245' title='bbox 984 1734 1089 1763; x_wconf 91' lang='lat' dir='ltr'>usus</span> <span class='ocrx_word' id='word_1_246' title='bbox 1118 1720 1218 1762; x_wconf 90' lang='lat' dir='ltr'>miri</span> <span class='ocrx_word' id='word_1_247' title='bbox 1247 1720 1308 1762; x_wconf 89' lang='lat' dir='ltr'>nil</span> <span class='ocrx_word' id='word_1_248' title='bbox 1337 1721 1531 1777; x_wconf 84' lang='lat' dir='ltr'>praebet.</span> 
     </span>
    </p>

    <p class='ocr_par' dir='ltr' id='par_1_4' title="bbox 380 1785 2569 2719">
     <span class='ocr_line' id='line_1_22' title="bbox 500 1785 2566 1844; baseline 0 -14"><span class='ocrx_word' id='word_1_249' title='bbox 500 1786 741 1842; x_wconf 86' lang='lat' dir='ltr'>Reliquum</span> <span class='ocrx_word' id='word_1_250' title='bbox 764 1792 847 1842; x_wconf 86' lang='lat' dir='ltr'>est,</span> <span class='ocrx_word' id='word_1_251' title='bbox 862 1797 913 1829; x_wconf 85' lang='lat' dir='ltr'>ut</span> <span class='ocrx_word' id='word_1_252' title='bbox 929 1786 984 1829; x_wconf 89' lang='lat' dir='ltr'>de</span> <span class='ocrx_word' id='word_1_253' title='bbox 1007 1788 1251 1844; x_wconf 83' lang='lat' dir='ltr'>sceptris</span> <span class='ocrx_word' id='word_1_254' title='bbox 1268 1786 1543 1831; x_wconf 72' lang='lat' dir='ltr'>disseramus.</span> <span class='ocrx_word' id='word_1_255' title='bbox 1579 1787 1652 1831; x_wconf 90' lang='lat' dir='ltr'>De</span> <span class='ocrx_word' id='word_1_256' title='bbox 1672 1785 1764 1843; x_wconf 72' lang='lat' dir='ltr'>quo</span> <span class='ocrx_word' id='word_1_257' title='bbox 1784 1785 1999 1830; x_wconf 65' lang='lat' dir='ltr'>voe-bulo</span> <span class='ocrx_word' id='word_1_258' title='bbox 2020 1785 2251 1830; x_wconf 77' lang='lat' dir='ltr'>Nauckius</span> <span class='ocrx_word' id='word_1_259' title='bbox 2274 1785 2332 1829; x_wconf 84' lang='lat' dir='ltr'>ad</span> <span class='ocrx_word' id='word_1_260' title='bbox 2353 1788 2410 1830; x_wconf 77' lang='lat' dir='ltr'>A.</span> <span class='ocrx_word' id='word_1_261' title='bbox 2434 1786 2474 1842; x_wconf 94' lang='grc' dir='ltr'>Ι,</span> <span class='ocrx_word' id='word_1_262' title='bbox 2493 1789 2566 1842; x_wconf 79' lang='lat'>57,</span> 
     </span>
     <span class='ocr_line' id='line_1_23' title="bbox 385 1848 2567 1911; baseline 0 -14"><span class='ocrx_word' id='word_1_263' title='bbox 385 1855 460 1897; x_wconf 90' lang='lat' dir='ltr'>ubi</span> <span class='ocrx_word' id='word_1_264' title='bbox 496 1854 604 1897; x_wconf 88' lang='lat' dir='ltr'>haee</span> <span class='ocrx_word' id='word_1_265' title='bbox 637 1854 866 1911; x_wconf 84' lang='lat' dir='ltr'>leguntur:</span> <span class='ocrx_word' id='word_1_266' title='bbox 904 1854 1050 1909; x_wconf 86' lang='lat' dir='ltr'>„celsa</span> <span class='ocrx_word' id='word_1_267' title='bbox 1087 1854 1209 1898; x_wconf 85' lang='lat' dir='ltr'>sedet</span> <span class='ocrx_word' id='word_1_268' title='bbox 1245 1848 1412 1898; x_wconf 81' lang='lat' dir='ltr'>Aeolus</span> <span class='ocrx_word' id='word_1_269' title='bbox 1448 1869 1548 1897; x_wconf 88' lang='lat' dir='ltr'>arce</span> <span class='ocrx_word' id='word_1_270' title='bbox 1585 1853 1772 1910; x_wconf 89' lang='lat' dir='ltr'>Sceptra</span> <span class='ocrx_word' id='word_1_271' title='bbox 1806 1856 1990 1896; x_wconf 81' lang='lat' dir='ltr'>tenens“</span> <span class='ocrx_word' id='word_1_272' title='bbox 2027 1852 2074 1895; x_wconf 87' lang='lat' dir='ltr'>id</span> <span class='ocrx_word' id='word_1_273' title='bbox 2105 1853 2321 1909; x_wconf 86' lang='lat' dir='ltr'>judicium</span> <span class='ocrx_word' id='word_1_274' title='bbox 2358 1854 2482 1908; x_wconf 86' lang='lat' dir='ltr'>tulit,</span> <span class='ocrx_word' id='word_1_275' title='bbox 2517 1862 2567 1897; x_wconf 91' lang='lat' dir='ltr'>ut</span> 
     </span>
     <span class='ocr_line' id='line_1_24' title="bbox 383 1918 2569 1978; baseline -0 -14"><span class='ocrx_word' id='word_1_276' title='bbox 383 1935 564 1964; x_wconf 82' lang='lat' dir='ltr'>numero</span> <span class='ocrx_word' id='word_1_277' title='bbox 593 1920 681 1977; x_wconf 83' lang='lat' dir='ltr'>vim</span> <span class='ocrx_word' id='word_1_278' title='bbox 700 1920 957 1964; x_wconf 71' lang='lat' dir='ltr'>translatam</span> <span class='ocrx_word' id='word_1_279' title='bbox 986 1936 1038 1964; x_wconf 85' lang='lat' dir='ltr'>ae</span> <span class='ocrx_word' id='word_1_280' title='bbox 1064 1922 1382 1978; x_wconf 85' lang='lat' dir='ltr'>generaliorem</span> <span class='ocrx_word' id='word_1_281' title='bbox 1401 1921 1622 1964; x_wconf 82' lang='lat' dir='ltr'>tribueret.</span> <span class='ocrx_word' id='word_1_282' title='bbox 1666 1918 1801 1974; x_wconf 77' lang='lat' dir='ltr'>Quod</span> <span class='ocrx_word' id='word_1_283' title='bbox 1828 1920 2062 1975; x_wconf 80' lang='lat' dir='ltr'>quominus</span> <span class='ocrx_word' id='word_1_284' title='bbox 2091 1927 2262 1963; x_wconf 84' lang='lat' dir='ltr'>rectum</span> <span class='ocrx_word' id='word_1_285' title='bbox 2288 1921 2360 1974; x_wconf 88' lang='lat' dir='ltr'>sit,</span> <span class='ocrx_word' id='word_1_286' title='bbox 2389 1920 2569 1964; x_wconf 86' lang='lat' dir='ltr'>obstant</span> 
     </span>
     <span class='ocr_line' id='line_1_25' title="bbox 383 1985 2569 2045; baseline 0 -14"><span class='ocrx_word' id='word_1_287' title='bbox 383 2002 499 2045; x_wconf 88' lang='lat' dir='ltr'>quae</span> <span class='ocrx_word' id='word_1_288' title='bbox 529 1987 638 2030; x_wconf 85' lang='lat' dir='ltr'>dioit</span> <span class='ocrx_word' id='word_1_289' title='bbox 667 1986 860 2032; x_wconf 81' lang='lat' dir='ltr'>Ovidius</span> <span class='ocrx_word' id='word_1_290' title='bbox 889 1987 999 2031; x_wconf 83' lang='lat' dir='ltr'>Met.</span> <span class='ocrx_word' id='word_1_291' title='bbox 1014 1987 1104 2043; x_wconf 81' lang='grc' dir='ltr'>ΠΙ,</span> <span class='ocrx_word' id='word_1_292' title='bbox 1121 1988 1222 2031; x_wconf 75' lang='lat'>2652</span> <span class='ocrx_word' id='word_1_293' title='bbox 1249 1988 1421 2045; x_wconf 84' lang='lat' dir='ltr'>„ipsam</span> <span class='ocrx_word' id='word_1_294' title='bbox 1449 1988 1488 2033; x_wconf 89' lang='lat' dir='ltr'>si</span> <span class='ocrx_word' id='word_1_295' title='bbox 1517 1988 1705 2032; x_wconf 75' lang='lat' dir='ltr'>maxima</span> <span class='ocrx_word' id='word_1_296' title='bbox 1727 1986 1850 2032; x_wconf 74' lang='lat' dir='ltr'>June</span> <span class='ocrx_word' id='word_1_297' title='bbox 1879 1985 1983 2029; x_wconf 85' lang='lat' dir='ltr'>Rite</span> <span class='ocrx_word' id='word_1_298' title='bbox 2013 2000 2162 2042; x_wconf 83' lang='lat' dir='ltr'>vocor,</span> <span class='ocrx_word' id='word_1_299' title='bbox 2191 1985 2394 2043; x_wconf 85' lang='lat' dir='ltr'>perdam,</span> <span class='ocrx_word' id='word_1_300' title='bbox 2432 1988 2471 2032; x_wconf 87' lang='lat' dir='ltr'>si</span> <span class='ocrx_word' id='word_1_301' title='bbox 2499 2002 2569 2032; x_wconf 85' lang='lat' dir='ltr'>me</span> 
     </span>
     <span class='ocr_line' id='line_1_26' title="bbox 384 2053 2568 2114; baseline 0.001 -16"><span class='ocrx_word' id='word_1_302' title='bbox 384 2055 652 2114; x_wconf 85' lang='lat' dir='ltr'>gemmantia</span> <span class='ocrx_word' id='word_1_303' title='bbox 686 2054 844 2098; x_wconf 85' lang='lat' dir='ltr'>dextra</span> <span class='ocrx_word' id='word_1_304' title='bbox 875 2053 1058 2113; x_wconf 80' lang='lat' dir='ltr'>Sceptra</span> <span class='ocrx_word' id='word_1_305' title='bbox 1093 2063 1241 2100; x_wconf 88' lang='lat' dir='ltr'>tenere</span> <span class='ocrx_word' id='word_1_306' title='bbox 1271 2056 1446 2112; x_wconf 85' lang='lat' dir='ltr'>decet,“</span> <span class='ocrx_word' id='word_1_307' title='bbox 1482 2055 1559 2100; x_wconf 90' lang='lat' dir='ltr'>ubi</span> <span class='ocrx_word' id='word_1_308' title='bbox 1590 2055 1648 2100; x_wconf 82' lang='lat' dir='ltr'>de</span> <span class='ocrx_word' id='word_1_309' title='bbox 1675 2055 1995 2113; x_wconf 73' lang='lat' dir='ltr'>signifieatione</span> <span class='ocrx_word' id='word_1_310' title='bbox 2020 2054 2234 2098; x_wconf 78' lang='lat' dir='ltr'>translata</span> <span class='ocrx_word' id='word_1_311' title='bbox 2267 2055 2452 2112; x_wconf 79' lang='lat' dir='ltr'>cogitari</span> <span class='ocrx_word' id='word_1_312' title='bbox 2480 2071 2568 2100; x_wconf 87' lang='lat' dir='ltr'>non</span> 
     </span>
     <span class='ocr_line' id='line_1_27' title="bbox 382 2122 2567 2182; baseline 0 -16"><span class='ocrx_word' id='word_1_313' title='bbox 382 2129 541 2181; x_wconf 88' lang='lat' dir='ltr'>potest.</span> <span class='ocrx_word' id='word_1_314' title='bbox 601 2123 753 2179; x_wconf 85' lang='lat' dir='ltr'>Atque</span> <span class='ocrx_word' id='word_1_315' title='bbox 781 2123 874 2167; x_wconf 81' lang='lat' dir='ltr'>sive</span> <span class='ocrx_word' id='word_1_316' title='bbox 902 2124 1082 2181; x_wconf 88' lang='lat' dir='ltr'>propria</span> <span class='ocrx_word' id='word_1_317' title='bbox 1110 2124 1155 2166; x_wconf 85' lang='lat' dir='ltr'>vi</span> <span class='ocrx_word' id='word_1_318' title='bbox 1183 2125 1274 2169; x_wconf 81' lang='lat' dir='ltr'>sive</span> <span class='ocrx_word' id='word_1_319' title='bbox 1304 2138 1406 2167; x_wconf 85' lang='lat' dir='ltr'>cum</span> <span class='ocrx_word' id='word_1_320' title='bbox 1433 2124 1702 2182; x_wconf 71' lang='lat' dir='ltr'>metonymia</span> <span class='ocrx_word' id='word_1_321' title='bbox 1735 2123 1927 2178; x_wconf 73' lang='lat' dir='ltr'>quadam</span> <span class='ocrx_word' id='word_1_322' title='bbox 1958 2129 2201 2179; x_wconf 77' lang='lat' dir='ltr'>usurpatur</span> <span class='ocrx_word' id='word_1_323' title='bbox 2229 2122 2428 2178; x_wconf 84' lang='lat' dir='ltr'>verbum,</span> <span class='ocrx_word' id='word_1_324' title='bbox 2465 2123 2567 2180; x_wconf 88' lang='lat' dir='ltr'>plu-</span> 
     </span>
     <span class='ocr_line' id='line_1_28' title="bbox 382 2190 2565 2249; baseline 0 -15"><span class='ocrx_word' id='word_1_325' title='bbox 382 2192 488 2235; x_wconf 89' lang='lat' dir='ltr'>ralis</span> <span class='ocrx_word' id='word_1_326' title='bbox 507 2206 597 2233; x_wconf 88' lang='lat' dir='ltr'>non</span> <span class='ocrx_word' id='word_1_327' title='bbox 623 2191 739 2233; x_wconf 81' lang='lat' dir='ltr'>valet</span> <span class='ocrx_word' id='word_1_328' title='bbox 758 2190 843 2234; x_wconf 89' lang='lat' dir='ltr'>nisi</span> <span class='ocrx_word' id='word_1_329' title='bbox 860 2190 917 2233; x_wconf 84' lang='lat' dir='ltr'>ad</span> <span class='ocrx_word' id='word_1_330' title='bbox 936 2191 1181 2248; x_wconf 87' lang='lat' dir='ltr'>augendam</span> <span class='ocrx_word' id='word_1_331' title='bbox 1202 2194 1468 2249; x_wconf 77' lang='lat' dir='ltr'>majestatem</span> <span class='ocrx_word' id='word_1_332' title='bbox 1488 2191 1845 2249; x_wconf 67' lang='lat' dir='ltr'>dignitatemque,</span> <span class='ocrx_word' id='word_1_333' title='bbox 1874 2204 1988 2245; x_wconf 86' lang='lat' dir='ltr'>quae</span> <span class='ocrx_word' id='word_1_334' title='bbox 2016 2191 2125 2233; x_wconf 88' lang='lat' dir='ltr'>latet</span> <span class='ocrx_word' id='word_1_335' title='bbox 2155 2191 2200 2233; x_wconf 90' lang='lat' dir='ltr'>in</span> <span class='ocrx_word' id='word_1_336' title='bbox 2230 2190 2368 2233; x_wconf 86' lang='lat' dir='ltr'>verbo</span> <span class='ocrx_word' id='word_1_337' title='bbox 2387 2191 2565 2247; x_wconf 75' lang='lat' dir='ltr'>sceptri.</span> 
     </span>
     <span class='ocr_line' id='line_1_29' title="bbox 383 2257 2565 2315; baseline -0.001 -13"><span class='ocrx_word' id='word_1_338' title='bbox 383 2260 440 2302; x_wconf 88' lang='lat' dir='ltr'>A.</span> <span class='ocrx_word' id='word_1_339' title='bbox 465 2257 572 2312; x_wconf 88' lang='lat' dir='ltr'>VH,</span> <span class='ocrx_word' id='word_1_340' title='bbox 597 2257 699 2302; x_wconf 75' lang='lat'>173:</span> <span class='ocrx_word' id='word_1_341' title='bbox 735 2257 856 2311; x_wconf 86' lang='lat' dir='ltr'>„Hic</span> <span class='ocrx_word' id='word_1_342' title='bbox 892 2265 1068 2313; x_wconf 82' lang='lat' dir='ltr'>sceptra</span> <span class='ocrx_word' id='word_1_343' title='bbox 1104 2259 1303 2314; x_wconf 81' lang='lat' dir='ltr'>accipere</span> <span class='ocrx_word' id='word_1_344' title='bbox 1337 2266 1382 2301; x_wconf 87' lang='lat' dir='ltr'>et</span> <span class='ocrx_word' id='word_1_345' title='bbox 1416 2259 1584 2315; x_wconf 87' lang='lat' dir='ltr'>primos</span> <span class='ocrx_word' id='word_1_346' title='bbox 1616 2257 1820 2302; x_wconf 75' lang='lat' dir='ltr'>attollere</span> <span class='ocrx_word' id='word_1_347' title='bbox 1856 2257 1994 2300; x_wconf 78' lang='lat' dir='ltr'>fasces</span> <span class='ocrx_word' id='word_1_348' title='bbox 2031 2257 2234 2315; x_wconf 81' lang='lat' dir='ltr'>Regibus</span> <span class='ocrx_word' id='word_1_349' title='bbox 2262 2272 2391 2300; x_wconf 89' lang='lat' dir='ltr'>omen</span> <span class='ocrx_word' id='word_1_350' title='bbox 2427 2261 2565 2300; x_wconf 84' lang='lat' dir='ltr'>erat.“</span> 
     </span>
     <span class='ocr_line' id='line_1_30' title="bbox 380 2322 2567 2381; baseline -0 -13"><span class='ocrx_word' id='word_1_351' title='bbox 380 2326 487 2368; x_wconf 82' lang='lat'>422:</span> <span class='ocrx_word' id='word_1_352' title='bbox 516 2323 719 2379; x_wconf 87' lang='lat' dir='ltr'>„Turne,</span> <span class='ocrx_word' id='word_1_353' title='bbox 752 2330 821 2367; x_wconf 88' lang='lat' dir='ltr'>tot</span> <span class='ocrx_word' id='word_1_354' title='bbox 849 2323 1067 2368; x_wconf 83' lang='lat' dir='ltr'>incassum</span> <span class='ocrx_word' id='word_1_355' title='bbox 1096 2325 1218 2368; x_wconf 87' lang='lat' dir='ltr'>fusos</span> <span class='ocrx_word' id='word_1_356' title='bbox 1254 2325 1422 2381; x_wconf 86' lang='lat' dir='ltr'>patiere</span> <span class='ocrx_word' id='word_1_357' title='bbox 1448 2324 1640 2379; x_wconf 85' lang='lat' dir='ltr'>labores,</span> <span class='ocrx_word' id='word_1_358' title='bbox 1669 2323 1730 2368; x_wconf 74' lang='lat' dir='ltr'>Et</span> <span class='ocrx_word' id='word_1_359' title='bbox 1756 2330 1834 2367; x_wconf 76' lang='lat' dir='ltr'>tua</span> <span class='ocrx_word' id='word_1_360' title='bbox 1863 2323 2101 2367; x_wconf 83' lang='lat' dir='ltr'>Dardaniis</span> <span class='ocrx_word' id='word_1_361' title='bbox 2131 2322 2361 2368; x_wconf 66' lang='lat' dir='ltr'>metibi</span> <span class='ocrx_word' id='word_1_362' title='bbox 2389 2333 2567 2381; x_wconf 75' lang='lat' dir='ltr'>sceptra</span> 
     </span>
     <span class='ocr_line' id='line_1_31' title="bbox 384 2388 2567 2449; baseline -0 -12"><span class='ocrx_word' id='word_1_363' title='bbox 384 2393 552 2437; x_wconf 86' lang='lat' dir='ltr'>colonis</span> <span class='ocrx_word' id='word_1_364' title='bbox 560 2391 610 2434; x_wconf 56' lang='grc' dir='ltr'>ΞΜ</span> <span class='ocrx_word' id='word_1_365' title='bbox 667 2390 756 2446; x_wconf 89' lang='grc' dir='ltr'>ΙΧ,</span> <span class='ocrx_word' id='word_1_366' title='bbox 780 2392 826 2434; x_wconf 79' lang='lat'>9:</span> <span class='ocrx_word' id='word_1_367' title='bbox 852 2392 1059 2446; x_wconf 88' lang='lat' dir='ltr'>„Aeneas</span> <span class='ocrx_word' id='word_1_368' title='bbox 1087 2391 1198 2436; x_wconf 88' lang='lat' dir='ltr'>urbe</span> <span class='ocrx_word' id='word_1_369' title='bbox 1233 2400 1276 2435; x_wconf 89' lang='lat' dir='ltr'>et</span> <span class='ocrx_word' id='word_1_370' title='bbox 1303 2391 1433 2436; x_wconf 87' lang='lat' dir='ltr'>soeiis</span> <span class='ocrx_word' id='word_1_371' title='bbox 1462 2397 1506 2435; x_wconf 87' lang='lat' dir='ltr'>et</span> <span class='ocrx_word' id='word_1_372' title='bbox 1534 2392 1673 2436; x_wconf 76' lang='lat' dir='ltr'>classe</span> <span class='ocrx_word' id='word_1_373' title='bbox 1708 2391 1862 2435; x_wconf 69' lang='lat' dir='ltr'>relicto</span> <span class='ocrx_word' id='word_1_374' title='bbox 1887 2388 2085 2448; x_wconf 55' lang='lat' dir='ltr'>Sceptra⁴</span> <span class='ocrx_word' id='word_1_375' title='bbox 2110 2390 2302 2435; x_wconf 79' lang='lat' dir='ltr'>Palatini</span> <span class='ocrx_word' id='word_1_376' title='bbox 2330 2391 2567 2449; x_wconf 83' lang='lat' dir='ltr'>sedemque</span> 
     </span>
     <span class='ocr_line' id='line_1_32' title="bbox 381 2458 2565 2518; baseline -0.001 -14"><span class='ocrx_word' id='word_1_377' title='bbox 381 2460 496 2518; x_wconf 88' lang='lat' dir='ltr'>petit</span> <span class='ocrx_word' id='word_1_378' title='bbox 511 2458 755 2502; x_wconf 85' lang='lat' dir='ltr'>Euandri.“</span> <span class='ocrx_word' id='word_1_379' title='bbox 783 2458 873 2513; x_wconf 86' lang='lat' dir='ltr'>XI,</span> <span class='ocrx_word' id='word_1_380' title='bbox 889 2459 991 2502; x_wconf 83' lang='lat'>238:</span> <span class='ocrx_word' id='word_1_381' title='bbox 1023 2459 1174 2515; x_wconf 87' lang='lat' dir='ltr'>„sedet</span> <span class='ocrx_word' id='word_1_382' title='bbox 1188 2459 1233 2502; x_wconf 92' lang='lat' dir='ltr'>in</span> <span class='ocrx_word' id='word_1_383' title='bbox 1248 2459 1403 2504; x_wconf 86' lang='lat' dir='ltr'>mediis</span> <span class='ocrx_word' id='word_1_384' title='bbox 1418 2466 1462 2503; x_wconf 85' lang='lat' dir='ltr'>et</span> <span class='ocrx_word' id='word_1_385' title='bbox 1480 2472 1714 2504; x_wconf 72' lang='lat' dir='ltr'>maxumus</span> <span class='ocrx_word' id='word_1_386' title='bbox 1724 2473 1832 2503; x_wconf 79' lang='lat' dir='ltr'>aevo</span> <span class='ocrx_word' id='word_1_387' title='bbox 1849 2458 1911 2517; x_wconf 81' lang='lat' dir='ltr'>Et</span> <span class='ocrx_word' id='word_1_388' title='bbox 1921 2459 2089 2516; x_wconf 79' lang='lat' dir='ltr'>primus</span> <span class='ocrx_word' id='word_1_389' title='bbox 2104 2459 2292 2516; x_wconf 74' lang='lat' dir='ltr'>sceptris</span> <span class='ocrx_word' id='word_1_390' title='bbox 2305 2458 2427 2503; x_wconf 83' lang='lat' dir='ltr'>haud</span> <span class='ocrx_word' id='word_1_391' title='bbox 2446 2458 2565 2503; x_wconf 76' lang='lat' dir='ltr'>laeta</span> 
     </span>
     <span class='ocr_line' id='line_1_33' title="bbox 380 2525 2564 2585; baseline -0 -14"><span class='ocrx_word' id='word_1_392' title='bbox 380 2528 525 2571; x_wconf 81' lang='lat' dir='ltr'>fronte</span> <span class='ocrx_word' id='word_1_393' title='bbox 554 2525 743 2569; x_wconf 86' lang='lat' dir='ltr'>Latinus</span> <span class='ocrx_word' id='word_1_394' title='bbox 753 2530 797 2578; x_wconf 89' lang='lat'>;“</span> <span class='ocrx_word' id='word_1_395' title='bbox 834 2526 921 2569; x_wconf 85' lang='lat' dir='ltr'>hoe</span> <span class='ocrx_word' id='word_1_396' title='bbox 950 2526 1051 2570; x_wconf 85' lang='lat' dir='ltr'>loeo</span> <span class='ocrx_word' id='word_1_397' title='bbox 1084 2533 1260 2584; x_wconf 83' lang='lat' dir='ltr'>sceptra</span> <span class='ocrx_word' id='word_1_398' title='bbox 1288 2526 1346 2570; x_wconf 84' lang='lat' dir='ltr'>ad</span> <span class='ocrx_word' id='word_1_399' title='bbox 1380 2526 1636 2584; x_wconf 82' lang='lat' dir='ltr'>dignitatem</span> <span class='ocrx_word' id='word_1_400' title='bbox 1672 2527 1840 2585; x_wconf 74' lang='lat' dir='ltr'>regiam</span> <span class='ocrx_word' id='word_1_401' title='bbox 1875 2528 2006 2571; x_wconf 85' lang='lat' dir='ltr'>unius</span> <span class='ocrx_word' id='word_1_402' title='bbox 2035 2527 2182 2571; x_wconf 84' lang='lat' dir='ltr'>Latini</span> <span class='ocrx_word' id='word_1_403' title='bbox 2211 2526 2441 2570; x_wconf 83' lang='lat' dir='ltr'>referenda</span> <span class='ocrx_word' id='word_1_404' title='bbox 2468 2542 2564 2571; x_wconf 78' lang='lat' dir='ltr'>esse</span> 
     </span>
     <span class='ocr_line' id='line_1_34' title="bbox 380 2592 2564 2653; baseline -0.001 -13"><span class='ocrx_word' id='word_1_405' title='bbox 380 2594 620 2640; x_wconf 76' lang='lat' dir='ltr'>rectissime</span> <span class='ocrx_word' id='word_1_406' title='bbox 649 2600 798 2638; x_wconf 88' lang='lat' dir='ltr'>censet</span> <span class='ocrx_word' id='word_1_407' title='bbox 817 2592 1083 2653; x_wconf 83' lang='lat' dir='ltr'>Wagnerus.</span> <span class='ocrx_word' id='word_1_408' title='bbox 1128 2595 1196 2638; x_wconf 89' lang='lat' dir='ltr'>De</span> <span class='ocrx_word' id='word_1_409' title='bbox 1216 2594 1540 2652; x_wconf 85' lang='lat' dir='ltr'>comparatione</span> <span class='ocrx_word' id='word_1_410' title='bbox 1559 2609 1661 2639; x_wconf 83' lang='lat' dir='ltr'>eum</span> <span class='ocrx_word' id='word_1_411' title='bbox 1688 2595 1847 2640; x_wconf 72' lang='lat' dir='ltr'>ceteris</span> <span class='ocrx_word' id='word_1_412' title='bbox 1873 2595 1950 2651; x_wconf 78' lang='lat' dir='ltr'>qui</span> <span class='ocrx_word' id='word_1_413' title='bbox 1970 2594 2154 2639; x_wconf 81' lang='lat' dir='ltr'>aderant</span> <span class='ocrx_word' id='word_1_414' title='bbox 2182 2594 2347 2653; x_wconf 70' lang='lat' dir='ltr'>regul&#39;n</span> <span class='ocrx_word' id='word_1_415' title='bbox 2367 2595 2564 2652; x_wconf 79' lang='lat' dir='ltr'>cogitare</span> 
     </span>
     <span class='ocr_line' id='line_1_35' title="bbox 382 2660 2563 2719; baseline -0.001 -13"><span class='ocrx_word' id='word_1_416' title='bbox 382 2678 470 2706; x_wconf 89' lang='lat' dir='ltr'>non</span> <span class='ocrx_word' id='word_1_417' title='bbox 486 2663 603 2718; x_wconf 84' lang='lat' dir='ltr'>licet,</span> <span class='ocrx_word' id='word_1_418' title='bbox 618 2660 957 2716; x_wconf 88' lang='lat' dir='ltr'>habendumque</span> <span class='ocrx_word' id='word_1_419' title='bbox 973 2669 1041 2705; x_wconf 86' lang='lat' dir='ltr'>est</span> <span class='ocrx_word' id='word_1_420' title='bbox 1055 2663 1238 2705; x_wconf 85' lang='lat' dir='ltr'>verbum</span> <span class='ocrx_word' id='word_1_421' title='bbox 1252 2663 1437 2719; x_wconf 83' lang='lat' dir='ltr'>sceptris</span> <span class='ocrx_word' id='word_1_422' title='bbox 1450 2677 1532 2719; x_wconf 87' lang='lat' dir='ltr'>pro</span> <span class='ocrx_word' id='word_1_423' title='bbox 1545 2662 1736 2706; x_wconf 69' lang='lat' dir='ltr'>ablativo</span> <span class='ocrx_word' id='word_1_424' title='bbox 1752 2677 1918 2708; x_wconf 82' lang='lat' dir='ltr'>causae.</span> <span class='ocrx_word' id='word_1_425' title='bbox 1950 2663 2006 2706; x_wconf 81' lang='lat' dir='ltr'>ef.</span> <span class='ocrx_word' id='word_1_426' title='bbox 2022 2662 2060 2718; x_wconf 93' lang='lat'>1,</span> <span class='ocrx_word' id='word_1_427' title='bbox 2070 2663 2168 2706; x_wconf 84' lang='lat'>253.</span> <span class='ocrx_word' id='word_1_428' title='bbox 2183 2662 2267 2716; x_wconf 79' lang='lat' dir='ltr'>IX,</span> <span class='ocrx_word' id='word_1_429' title='bbox 2283 2662 2450 2716; x_wconf 82' lang='lat' dir='ltr'>267.X,</span> <span class='ocrx_word' id='word_1_430' title='bbox 2466 2662 2563 2706; x_wconf 76' lang='grc'><strong>852.</strong></span> 
     </span>
    </p>
   </div>
   <div class='ocr_carea' id='block_1_4' title="bbox 1415 2773 1525 2832">
    <p class='ocr_par' dir='ltr' id='par_1_5' title="bbox 1415 2773 1525 2832">
     <span class='ocr_line' id='line_1_36' title="bbox 1415 2773 1525 2832; baseline 0 -16"><span class='ocrx_word' id='word_1_431' title='bbox 1415 2776 1454 2832; x_wconf 62' lang='grc' dir='ltr'>ς.</span> <span class='ocrx_word' id='word_1_432' title='bbox 1486 2773 1525 2817; x_wconf 84' lang='lat'>2.</span> 
     </span>
    </p>
   </div>
   <div class='ocr_carea' id='block_1_5' title="bbox 377 2860 2562 3111">
    <p class='ocr_par' dir='ltr' id='par_1_6' title="bbox 377 2860 2562 3053">
     <span class='ocr_line' id='line_1_37' title="bbox 495 2860 2561 2920; baseline -0.001 -14"><span class='ocrx_word' id='word_1_433' title='bbox 495 2861 695 2919; x_wconf 81' lang='lat' dir='ltr'>Spatium</span> <span class='ocrx_word' id='word_1_434' title='bbox 714 2877 804 2907; x_wconf 90' lang='lat' dir='ltr'>non</span> <span class='ocrx_word' id='word_1_435' title='bbox 832 2863 1036 2920; x_wconf 81' lang='lat' dir='ltr'>exiguum</span> <span class='ocrx_word' id='word_1_436' title='bbox 1059 2864 1149 2920; x_wconf 89' lang='lat' dir='ltr'>jam</span> <span class='ocrx_word' id='word_1_437' title='bbox 1179 2863 1396 2919; x_wconf 87' lang='lat' dir='ltr'>permensi</span> <span class='ocrx_word' id='word_1_438' title='bbox 1423 2877 1590 2917; x_wconf 88' lang='lat' dir='ltr'>sumus,</span> <span class='ocrx_word' id='word_1_439' title='bbox 1619 2862 1718 2919; x_wconf 78' lang='lat' dir='ltr'>plus</span> <span class='ocrx_word' id='word_1_440' title='bbox 1737 2869 1879 2906; x_wconf 70' lang='lat' dir='ltr'>tamen</span> <span class='ocrx_word' id='word_1_441' title='bbox 1907 2862 2002 2905; x_wconf 88' lang='lat' dir='ltr'>viae</span> <span class='ocrx_word' id='word_1_442' title='bbox 2031 2861 2235 2919; x_wconf 87' lang='lat' dir='ltr'>protinus</span> <span class='ocrx_word' id='word_1_443' title='bbox 2264 2867 2398 2918; x_wconf 87' lang='lat' dir='ltr'>patet.</span> <span class='ocrx_word' id='word_1_444' title='bbox 2443 2860 2561 2904; x_wconf 86' lang='lat' dir='ltr'>Nam</span> 
     </span>
     <span class='ocr_line' id='line_1_38' title="bbox 381 2928 2561 2987; baseline -0 -16"><span class='ocrx_word' id='word_1_445' title='bbox 381 2930 544 2972; x_wconf 69' lang='lat' dir='ltr'>inuitae</span> <span class='ocrx_word' id='word_1_446' title='bbox 578 2936 683 2972; x_wconf 82' lang='lat' dir='ltr'>sunt</span> <span class='ocrx_word' id='word_1_447' title='bbox 719 2931 936 2984; x_wconf 87' lang='lat' dir='ltr'>notiones,</span> <span class='ocrx_word' id='word_1_448' title='bbox 973 2930 1029 2972; x_wconf 90' lang='lat' dir='ltr'>ad</span> <span class='ocrx_word' id='word_1_449' title='bbox 1066 2944 1176 2986; x_wconf 89' lang='lat' dir='ltr'>quas</span> <span class='ocrx_word' id='word_1_450' title='bbox 1202 2932 1393 2974; x_wconf 81' lang='lat' dir='ltr'>rationes</span> <span class='ocrx_word' id='word_1_451' title='bbox 1429 2929 1676 2987; x_wconf 76' lang='lat' dir='ltr'>explicandi</span> <span class='ocrx_word' id='word_1_452' title='bbox 1710 2929 1874 2984; x_wconf 79' lang='lat' dir='ltr'>quibus</span> <span class='ocrx_word' id='word_1_453' title='bbox 1906 2928 2049 2972; x_wconf 79' lang='lat' dir='ltr'>adhue</span> <span class='ocrx_word' id='word_1_454' title='bbox 2087 2929 2314 2972; x_wconf 85' lang='lat' dir='ltr'>utebamur</span> <span class='ocrx_word' id='word_1_455' title='bbox 2348 2942 2438 2971; x_wconf 84' lang='lat' dir='ltr'>non</span> <span class='ocrx_word' id='word_1_456' title='bbox 2467 2930 2561 2985; x_wconf 73' lang='lat' dir='ltr'>jam</span> 
     </span>
     <span class='ocr_line' id='line_1_39' title="bbox 377 2994 2562 3053; baseline -0.001 -12"><span class='ocrx_word' id='word_1_457' title='bbox 377 2996 580 3041; x_wconf 87' lang='lat' dir='ltr'>sufficere</span> <span class='ocrx_word' id='word_1_458' title='bbox 607 2996 826 3051; x_wconf 87' lang='lat' dir='ltr'>videntur,</span> <span class='ocrx_word' id='word_1_459' title='bbox 854 2997 903 3040; x_wconf 89' lang='lat' dir='ltr'>id</span> <span class='ocrx_word' id='word_1_460' title='bbox 932 2998 1052 3052; x_wconf 90' lang='lat' dir='ltr'>quod</span> <span class='ocrx_word' id='word_1_461' title='bbox 1082 2998 1208 3040; x_wconf 89' lang='lat' dir='ltr'>initio</span> <span class='ocrx_word' id='word_1_462' title='bbox 1239 2998 1545 3053; x_wconf 86' lang='lat' dir='ltr'>disputationis</span> <span class='ocrx_word' id='word_1_463' title='bbox 1572 2997 1728 3040; x_wconf 72' lang='lat' dir='ltr'>leviter</span> <span class='ocrx_word' id='word_1_464' title='bbox 1755 2997 1898 3053; x_wconf 70' lang='lat' dir='ltr'>tetigi.</span> <span class='ocrx_word' id='word_1_465' title='bbox 1949 2994 2074 3049; x_wconf 80' lang='lat' dir='ltr'>Quae</span> <span class='ocrx_word' id='word_1_466' title='bbox 2098 2997 2301 3039; x_wconf 86' lang='lat' dir='ltr'>notiones</span> <span class='ocrx_word' id='word_1_467' title='bbox 2331 3011 2472 3051; x_wconf 79' lang='lat' dir='ltr'>quum</span> <span class='ocrx_word' id='word_1_468' title='bbox 2496 2995 2562 3039; x_wconf 88' lang='lat' dir='ltr'>ita</span> 
     </span>
    </p>

    <p class='ocr_par' dir='ltr' id='par_1_7' title="bbox 2229 3074 2281 3111">
     <span class='ocr_line' id='line_1_40' title="bbox 2229 3074 2281 3111; baseline 0 -14"><span class='ocrx_word' id='word_1_469' title='bbox 2229 3074 2281 3111; x_wconf 74' lang='grc'>8.</span> 
     </span>
    </p>
   </div>
  </div>
 </body>
</html>
