2952 3777
1294 203 1609 250 -4-

355 346 404 377 re
442 337 598 390 poetas
633 331 760 375 metri
791 331 1044 377 necessitati
1078 331 1368 388 suavitatique
1401 330 1668 389 euphoniae,
1697 344 1829 387 quam
1864 329 2025 375 Graeci
2058 333 2229 373 vocant.
2286 329 2353 373 At
2378 329 2551 388 'quanti

356 399 654 446 aestimandus
690 405 806 444 esset
839 405 993 457 poeta,
1023 399 1098 456 qui
1131 396 1189 443 ad
1228 405 1408 445 externa
1442 399 1549 444 talia
1581 399 1666 444 rite
1694 397 1975 456 adsequenda
2014 397 2118 443 inde
2150 396 2393 444 subsidium
2425 403 2550 455 pete-

356 474 442 525 ret,
474 466 598 525 quod
618 467 795 511 notione
824 465 1013 524 quadam
1043 466 1283 512 arctissime
1311 466 1489 511 definita
1516 481 1603 510 non
1622 466 1765 512 solum
1795 465 2066 525 negligenter
2086 464 2364 521 abuteretur,
2394 465 2475 511 sed
2502 467 2563 511 in-

357 536 620 580 contrariam
649 535 780 578 etiam
799 539 970 591 partem
1001 549 1098 578 eam
1124 549 1295 579 summa
1323 549 1424 579 cum
1453 534 1658 578 violentia
1693 534 1934 578 sexcenties
1961 532 2272 590 detorqueret?
2328 532 2423 577 Alii
2452 534 2552 589 qui-

357 603 459 646 dem
492 602 825 659 opportunitate
856 601 962 645 data
997 601 1052 645 de
1090 602 1274 661 singulis
1307 601 1573 659 quibusdam
1602 616 1689 644 non
1720 601 1830 645 male
1854 589 2194 659 judicaverunt,
2218 601 2470 658 praesertim
2514 601 2552 646 si

356 672 403 713 in
447 669 772 713 commentariis
809 675 1016 712 accurate
1064 669 1390 714 conscribendis
1434 669 1489 712 ad
1531 669 1636 712 talia
1672 683 1852 725 quoque
1888 668 2174 725 devenerant,
2218 667 2297 711 sed
2333 668 2379 711 in
2415 674 2552 712 totam

357 752 465 792 rem,
496 737 617 793 quod
649 737 810 793 sciam,
839 752 894 781 ne
923 737 1044 794 apud
1073 754 1211 782 unum
1246 736 1424 794 quidem
1457 737 1717 794 scriptorem
1747 735 1892 780 adhuc
1928 737 2161 793 quisquam
2198 735 2454 794 diligentius
2483 736 2551 779 in-

360 805 555 862 quisivit.
614 805 746 850 Unde
780 806 944 848 factum
975 805 1081 848 mihi
1118 805 1292 848 videtur
1317 820 1432 860 esse,
1468 812 1518 849 ut
1552 815 1596 848 et
1623 804 1824 861 plurimis
1863 804 1970 848 locis
2008 804 2193 847 multum
2228 803 2283 847 de
2311 802 2553 861 pulchritu-

360 873 464 917 dine
491 873 703 917 sermonis
733 871 972 929 Vergiliani
1003 871 1306 916 detraheretur
1336 879 1414 916 aut
1442 872 1488 916 id
1518 872 1639 927 quod
1665 871 1860 915 indicare
1892 871 2064 916 studuit
2092 878 2223 928 poeta
2251 872 2394 928 minus
2424 885 2552 916 accu-

361 947 454 984 rate
484 940 830 997 perspiceretur,
868 946 912 983 et
939 939 1165 983 fraudatus
1201 941 1258 984 sit
1284 939 1414 983 homo
1443 941 1601 984 summi
1640 940 1801 996 ingenii
1836 939 1966 983 laude
1996 954 2127 995 quam
2156 939 2211 983 de
2240 938 2479 984 excolenda
2507 945 2553 983 et

362 1007 678 1052 conformanda
715 1009 911 1052 oratione
953 1007 1126 1064 poetica
1163 1014 1338 1064 praeter
1376 1014 1547 1052 ceteros
1585 1009 1754 1052 meruit.
1815 1007 2018 1063 Namque
2055 1005 2256 1062 hercule,
2291 1008 2329 1052 si
2363 1008 2463 1063 quis
2498 1023 2555 1052 no

360 1082 553 1121 strorum
591 1076 781 1131 aliquem
817 1081 1048 1132 poetarum
1086 1076 1132 1117 in
1170 1089 1408 1118 sermonem
1453 1076 1640 1119 alienum
1678 1081 1933 1119 convertens
1974 1074 2206 1117 maximam
2241 1074 2554 1131 adjectivorum

360 1143 613 1187 ornantium
657 1149 849 1199 partem,
894 1157 1006 1199 quae
1050 1148 1261 1199 quantum
1297 1143 1460 1185 faciant
1500 1142 1555 1185 ad
1601 1141 1891 1185 elocutionem
1935 1141 2209 1185 excitandam
2253 1142 2554 1201 acdistinguen

361 1211 462 1253 dam
492 1211 561 1252 vel
593 1226 645 1252 ex
673 1209 890 1253 Schillero
926 1218 1078 1253 nostro
1109 1225 1361 1267 cognoscas,
1392 1218 1467 1253 aut
1496 1226 1678 1266 prorsus
1711 1210 1932 1251 omitteret
1960 1216 2038 1251 aut
2067 1209 2122 1251 ad
2153 1217 2326 1252 tenuem
2357 1211 2446 1253 vim
2482 1211 2557 1254 de-

363 1278 580 1331 bilitaret,
618 1291 770 1330 nemo,
799 1277 952 1331 credo,
983 1277 1094 1320 hanc
1132 1277 1345 1321 rationem
1384 1284 1433 1321 ut
1473 1277 1623 1321 rudem
1662 1283 1706 1320 et
1743 1276 1970 1320 barbaram
2009 1292 2093 1319 non
2134 1284 2375 1334 respueret.
2434 1276 2555 1332 Quid

363 1343 498 1390 vero?
535 1345 570 1389 si
603 1343 722 1400 apud
759 1343 1007 1402 Vergilium
1037 1345 1291 1402 saepissime
1328 1362 1508 1389 numero
1537 1345 1755 1402 plurativo
1792 1345 1937 1402 posito
1974 1344 2236 1402 adjectivum
2272 1345 2559 1403 significetur,

362 1412 484 1470 quod
514 1412 684 1454 notioni
714 1412 964 1455 distinctius
994 1412 1256 1455 indicandae
1285 1420 1414 1469 atque
1444 1413 1718 1456 extollendae
1748 1411 1985 1456 ihserviat?
2024 1412 2153 1468 quid,
2189 1413 2226 1457 si
2257 1419 2412 1470 portus
2440 1413 2557 1458 idem

362 1482 453 1525 fere
483 1481 573 1523 sint
602 1494 653 1522 ac
681 1486 804 1524 tutus
836 1488 1010 1537 portus,
1049 1481 1229 1524 volnera
1257 1481 1311 1523 ad
1340 1482 1497 1525 volnus
1525 1481 1654 1525 letale
1685 1496 1815 1537 quam
1845 1482 2039 1537 proxime
2067 1480 2291 1537 accedant,
2321 1497 2398 1526 ora
2429 1497 2559 1540 saepe

365 1550 421 1592 ab
449 1564 526 1591 ore
564 1548 654 1590 lato
686 1555 732 1590 et
768 1550 932 1592 rustico
966 1549 1085 1591 haud
1123 1550 1306 1592 multum
1345 1549 1620 1607 discrepent?
1657 1551 1694 1593 si
1731 1550 1774 1592 in
1813 1549 2039 1593 enuntiato
2076 1549 2197 1605 quod
2234 1556 2318 1594 est:
2357 1550 2560 1609 caelestia

365 1633 574 1675 corpora,
603 1632 691 1659 non
722 1633 776 1660 ex
798 1618 973 1662 caelesti
1004 1619 1147 1661 solum
1178 1618 1393 1675 adjectivo
1422 1619 1500 1662 sed
1540 1634 1592 1661 ex
1614 1619 1774 1675 plurali
1812 1633 1986 1674 quoque
2016 1619 2137 1661 notio
2176 1619 2360 1676 originis
2390 1619 2561 1663 divinae

368 1684 672 1743 intellegenda
698 1684 782 1727 sit?
825 1685 963 1728 Porro
994 1686 1091 1742 quis
1120 1686 1313 1728 nondum
1345 1686 1522 1730 miratus
1552 1693 1631 1740 est,
1665 1686 1909 1743 Vergilium
1936 1688 2048 1729 Aen.
2070 1686 2153 1740 IV,
2175 1687 2226 1728 61
2257 1701 2378 1743 seqq.
2410 1692 2559 1743 pasto-

365 1770 457 1798 rem
495 1753 711 1808 nescium,
748 1753 793 1796 id
835 1760 920 1798 est:
951 1770 1037 1797 non
1068 1761 1368 1811 conspectum,
1405 1762 1604 1812 agentem
1634 1755 1777 1797 facere
1803 1769 1971 1797 cervam
2000 1754 2122 1809 telis,
2161 1770 2298 1810 quum
2329 1770 2466 1797 unum
2496 1761 2562 1798 te·
2591 1769 2593 1771 ·

365 1823 456 1865 lum
486 1823 532 1863 in
559 1821 674 1864 latus
705 1821 909 1864 adactum
939 1837 1032 1865 esse
1064 1837 1117 1864 ex
1148 1823 1202 1864 iis
1232 1837 1345 1877 quae
1373 1823 1579 1864 continuo
1610 1828 1857 1877 sequuntur
1891 1822 2072 1876 eluceat,
2102 1822 2165 1863 ita
2195 1829 2243 1863 ut
2273 1823 2394 1864 nullo
2430 1823 2559 1865 modo

365 1889 663 1945 intellegatur,
694 1888 914 1944 quomodo
935 1889 1123 1932 senserit
1153 1904 1278 1932 cerva
1297 1897 1516 1945 pastorem
1546 1889 1626 1931 sibi
1658 1889 1905 1943 instantem,
1933 1889 2078 1930 omnia
2105 1904 2209 1931 vero
2238 1889 2358 1932 facili
2379 1891 2560 1947 negotio

368 1956 681 2013 expediantur,
718 1956 958 1999 dummodo
996 1957 1085 2000 tela
1114 1957 1286 2014 saepius
1321 1972 1401 2013 pro
1434 1956 1520 2000 telo
1549 1963 1678 1999 acuto
1716 1955 1802 1999 dici
1831 1956 2041 1999 teneatur.
2098 1956 2200 1999 Jam
2236 1972 2338 2000 vero
2369 1957 2432 2000 sic
2460 1971 2562 2013 par-

369 2025 552 2069 cissimis
573 2024 717 2067 modis
747 2025 983 2080 plurimum
1005 2025 1190 2068 conferri
1222 2023 1277 2067 ad
1305 2024 1658 2079 locupletandam
1692 2023 1933 2067 orationem
1955 2023 2160 2066 Latinam
2183 2039 2326 2080 quum
2351 2023 2561 2080 exemplis

369 2106 484 2148 quae
521 2090 654 2133 modo
683 2092 809 2148 tetigi
840 2099 1070 2148 appareat,
1108 2099 1201 2135 tum
1234 2092 1287 2136 iis
1316 2107 1428 2147 quae
1459 2093 1572 2134 exim
1604 2091 1906 2148 disputaturus
1943 2106 2038 2134 sum
2069 2090 2291 2134 uberrime
2329 2090 2561 2148 probatum

368 2160 423 2202 iri
453 2174 598 2215 spero.
654 2159 796 2215 Atqui
825 2174 877 2201 ea
907 2160 1140 2201 maximam
1171 2166 1340 2216 partem
1360 2158 1564 2216 Vergilio
1594 2165 1743 2201 nostro
1774 2158 1923 2201 deberi
1954 2159 1985 2200 ii
2017 2166 2297 2216 cognoscent,
2327 2159 2404 2215 qui
2425 2174 2561 2214 quum

369 2227 560 2285 legerint
585 2226 926 2283 disputationem
949 2235 1140 2271 nostram
1171 2228 1226 2270 ad
1258 2243 1404 2270 eorum
1435 2228 1629 2269 locorum
1660 2228 1924 2283 paucitatem
1952 2227 2220 2269 intenderint
2240 2227 2422 2281 animos,
2452 2242 2562 2283 quos

371 2295 429 2339 ad
459 2293 740 2339 illustrandos
771 2294 1048 2353 Vergilianos
1080 2311 1133 2338 ex
1164 2294 1342 2338 Catullo
1373 2295 1544 2352 collegi.
1595 2294 1759 2338 Catulli
1792 2302 1950 2349 autem,
1980 2295 2055 2351 qui
2076 2296 2304 2351 proximus
2325 2295 2382 2339 sit
2411 2310 2563 2338 eorum

371 2364 450 2420 qui
482 2370 612 2406 antea
642 2364 825 2406 fuerunt
854 2371 1104 2420 poetarum,
1139 2364 1329 2407 elocutio
1356 2379 1437 2420 pro
1475 2364 1557 2406 hac
1584 2365 1753 2406 ratione
1783 2379 1809 2405 a
1838 2363 2027 2419 Vergilii
2058 2364 2257 2419 proxime
2285 2364 2422 2408 abest.
2480 2365 2564 2407 At-

373 2448 458 2489 que
488 2438 539 2475 ut
565 2447 702 2474 unum
733 2430 976 2475 alterumve
1004 2432 1252 2487 verborum,
1282 2432 1445 2489 quibus
1478 2432 1706 2488 pluraliter
1734 2432 1873 2473 utitur
1902 2431 2147 2488 Vergilius,
2173 2434 2263 2488 jam
2293 2431 2412 2487 apud
2442 2432 2564 2487 prio-

371 2516 441 2545 res
470 2500 682 2544 usitatum
713 2499 860 2554 fuerit,
892 2506 1035 2543 tamen
1067 2500 1198 2557 longe
1229 2502 1436 2558 majorem
1467 2514 1693 2541 numerum
1722 2500 1950 2556 proprium
1981 2513 2074 2542 esse
2102 2499 2243 2543 nostri
2273 2495 2562 2556 poetae-con-

372 2568 519 2613 stabit.
1393 2574 1396 2576 ’

487 2633 577 2678 Sed
607 2639 704 2676 tota
733 2634 840 2677 haec
871 2634 925 2677 de
955 2650 1140 2677 numero
1172 2635 1333 2690 plurali
1364 2634 1561 2689 quaestio
1592 2649 1724 2688 quum
1751 2635 1856 2677 satis
1886 2633 2057 2675 infinita
2086 2635 2159 2689 sit,
2186 2635 2402 2677 accuratis
2422 2634 2566 2676 verbis

374 2707 685 2759 argumentum
716 2701 1031 2757 disputationis
1062 2702 1254 2745 indicare
1283 2702 1428 2745 liceat.
1488 2700 1706 2744 Constitui
1733 2702 1871 2758 igitur
1907 2701 2025 2758 apud
2057 2702 2248 2743 animum
2280 2701 2334 2743 de
2364 2701 2569 2745 omnibus

372 2770 427 2814 iis
458 2769 671 2813 disserere
701 2768 859 2823 verbis,
891 2785 1001 2825 quae
1032 2786 1168 2826 quum
1196 2766 1433 2813 exfiibeant
1461 2770 1651 2826 speciem
1681 2769 1848 2812 numeri
1880 2769 2083 2826 pluralis,
2115 2776 2262 2812 tamen
2292 2784 2339 2812 re
2368 2770 2468 2826 ipsa
2497 2784 2567 2812 re·

373 2838 515 2881 tinent
548 2836 770 2880 notionem
807 2837 1088 2894 singularem.
1147 2837 1297 2892 Quare
1343 2837 1453 2880 nihil
1489 2844 1639 2881 nostra
1675 2837 1882 2880 intererat
1920 2837 2188 2892 perscrutari
2225 2852 2308 2880 nec
2345 2835 2568 2892 quomodo

376 2903 613 2962 quandove
651 2903 843 2948 infinitae
880 2905 1082 2951 notiones
1122 2921 1203 2962 per
1239 2905 1547 2962 metonymiam
1585 2904 1807 2960 quandam
1843 2905 2184 2950 transferrentur
2212 2905 2269 2949 ad
2304 2905 2469 2958 finitas,
2506 2904 2570 2948 ita
