2952 3777
1040 351 1053 365 ·
1110 355 1132 383 =.
1260 315 1512 391 „Tau
1527 319 1729 385 ἵηὴπὶ
1756 334 1965 380 mere,
1997 321 2159 382 emit
2192 320 2396 384 theid·
2400 338 2594 387 aequora

840 400 1016 452 saepius
1114 408 1222 447 ηις»,
1399 438 1403 443 ,
1416 387 1627 451 ,mua
1654 393 1870 450 apsi-taum.
1926 385 2136 444 menz.
2172 386 2446 450 „Postquam
2475 390 2590 445 altos

396 454 549 519 tetigit
577 454 738 504 fluetus
765 459 813 504 st
839 453 904 499 ad
918 467 1129 515 sequen
1164 477 1172 487 1
1356 453 1472 511 VII,
1485 456 1534 501 7·
1562 457 1847 519 „postquam
1849 454 1940 500 alta
1965 455 2175 512 quierunt
2194 455 2418 515 Aequora,
2448 457 2591 510 tendit

394 522 482 567 iter
511 522 628 571 velis
653 526 920 616 portumque
959 519 1212 584 reliquit,“
1206 510 1409 584 Μ
1402 522 1477 573 sd
1504 522 1774 582 profundum
1807 521 1968 570 deduci
1996 528 2186 582 possunt
2220 522 2304 567 hoc
2331 522 2492 580 plurali
2522 524 2587 570 le-

657 632 666 636 ,
1210 594 1223 598 ”
1269 642 1280 651 ..
1320 640 1323 641 ⁷
1369 604 1398 633 o
1426 589 1637 639 demersio
1665 604 1857 648 aequora
1885 589 2042 636 rostris
2072 589 2170 635 Ima
2197 592 2397 646 petunt.“
2454 588 2588 639 Com-

393 654 727 705 memorandum
771 662 918 704 tamen
952 662 1043 712 est,
1081 648 1486 735 hminum
1520 663 1566 702 et
1598 657 1864 716 singularem
1906 657 2115 711 inveniri,
2156 662 2419 714 poetamque
2452 672 2586 715 saepe

393 730 536 772 metro
554 720 708 771 videri
734 722 991 780 indulsisse,
1025 689 1072 773 id
1223 715 1473 799 ’ζ’,ψῃτίωἰε
1511 740 1566 775 ex
1593 725 1771 773 ablativi
1806 724 2042 783 singularis
2073 738 2156 769 usu
2186 723 2386 768 uberiore
2426 724 2584 771 elucet.

394 791 505 846 VII,
519 791 625 835 811:
653 790 775 847 „Vel
802 805 921 839 mare
949 805 1029 850 per
1054 782 1411 856 rudffifiuctu
1446 807 1659 870 suspensa
1685 793 1871 837 tumenti
1899 792 2056 839 Ferret
2090 792 2176 834 iter
2205 791 2358 838 celeris
2387 806 2470 835 nec
2498 793 2585 835 tin-

396 865 551 920 gueret
585 873 776 915 aequore
814 856 1028 915 plantas!
1087 853 1213 909 1964ἶ
1225 870 1404 918 fineque
1433 860 1548 904 enim
1580 852 1800 905 nescimus
1838 867 1883 904 et
1918 860 2070 904 urbem
2099 859 2160 903 Et
2188 874 2326 918 genus
2356 859 2584 917 auditique

393 926 626 973 advertitis
655 939 848 983 aequore
875 927 1100 984 cursum,“
1134 924 1164 968 i.
1182 941 1221 976 e,
1241 941 1331 985 pet
1356 942 1521 984 aequor
1554 933 1606 971 ut
1635 942 1780 983 saepe.
1839 926 1927 973 Sed
1959 928 2087 971 etiam
2118 927 2155 971 si
2189 943 2275 973 non
2305 926 2359 969 de
2389 926 2582 972 ablativo

392 995 550 1052 agitur.
608 992 671 1047 X,
692 991 797 1035 233·
830 989 1080 1052 „Rupimus
1109 991 1277 1041 invitae
1313 999 1392 1037 tua
1425 993 1600 1038 vincula
1636 1000 1770 1049 teque
1806 1010 1885 1050 per
1920 1010 2084 1049 aequor
2116 992 2386 1046 Quaerimus.
2390 998 2418 1020 “
2476 995 2580 1038 269:

390 1068 653 1117 „totumque
682 1057 825 1107 adlabi
863 1057 1076 1104 classibus
1104 1073 1283 1117 aequor
1285 1063 1315 1087 “
1345 1087 1400 1094 —
1430 1061 1594 1104 maria
1628 1060 1784 1105 dubito
1820 1077 1926 1105 num
1963 1061 2089 1105 aliter
2125 1060 2403 1105 inveniantur
2439 1062 2582 1119 posita

391 1130 475 1177 nisi
495 1144 594 1190 pro
632 1127 742 1172 mari
767 1131 959 1183 patente.
1018 1125 1077 1183 V,
1100 1130 1147 1173 9:
1177 1128 1349 1184 „maria
1385 1127 1582 1185 undique
1618 1135 1662 1175 et
1696 1129 1893 1186 undique
1930 1129 2111 1173 caelum.
2114 1132 2143 1155 “
2201 1128 2263 1183 X,
2292 1130 2388 1173 197:
2416 1129 2580 1187 „longa

392 1187 536 1244 sulcat
570 1195 707 1242 maria
740 1194 830 1239 alta
859 1194 1047 1239 carina.“
1107 1193 1164 1251 V,
1180 1195 1286 1240 790.
1301 1202 1403 1252 ,,ιιι
1434 1197 1557 1241 testis
1588 1197 1634 1241 in
1671 1197 1800 1242 undis
1831 1196 1977 1251 Quam
2014 1197 2170 1240 molem
2200 1197 2347 1239 subito
2377 1198 2577 1241 excierit·

392 1266 530 1310 maria
573 1262 720 1307 omnia
752 1262 873 1305 caelo
916 1261 1097 1307 Miscuit
1126 1263 1295 1308 Aeoliis
1338 1264 1605 1321 nequiquam
1643 1265 1757 1309 freta
1794 1264 2041 1321 procellis,“
2089 1263 2319 1320 intellege.
2363 1271 2503 1306 totum
2535 1271 2579 1307 et

392 1340 566 1377 vastum
596 1345 733 1383 mare3
771 1329 1032 1373 adducimur
1053 1331 1333 1375 enim-verbo
1361 1332 1480 1388 quod
1513 1339 1580 1375 est
1608 1333 1789 1387 molem,
1824 1339 1876 1374 ut
1904 1332 1958 1375 de
1988 1331 2211 1374 laboribus
2240 1331 2420 1375 summis
2446 1338 2579 1387 atque

392 1401 540 1458 operis
570 1401 834 1458 cogitemus,
872 1412 983 1455 quas
1012 1399 1288 1456 consumpsit
1313 1399 1436 1444 Juno
1473 1406 1523 1443 ut
1552 1401 1744 1443 Aeneam
1773 1400 1989 1457 perderet.
2048 1398 2173 1452 Quae
2209 1399 2243 1441 si
2274 1406 2388 1441 recte
2414 1398 2578 1441 habent

390 1468 448 1520 V,
465 1468 569 1509 212:
600 1466 779 1520 „Prona
807 1466 922 1522 petit
953 1465 1089 1507 maria
1112 1471 1158 1507 et
1185 1465 1345 1523 pelago
1382 1466 1575 1508 decurrit
1603 1471 1785 1521 aperto“
1821 1482 1905 1509 non
1937 1481 2036 1507 cum
2066 1466 2285 1507 Ladevico
2315 1465 2577 1520 explicanda

389 1540 494 1577 sunt
514 1534 650 1575 maria
670 1548 811 1588 prona
831 1548 931 1588 per:
960 1531 1032 1574 die
1052 1531 1132 1577 mit
1157 1531 1238 1577 der
1258 1531 1394 1575 Fluth
1424 1549 1523 1574 zum
1545 1533 1699 1576 Laude
1728 1533 1929 1577 eilenden
1950 1532 2143 1585 Wellen,
2173 1532 2250 1576 sed
2281 1547 2379 1574 cum
2400 1531 2574 1587 Heynio

388 1601 616 1654 faciamus,
648 1599 723 1655 qui
755 1598 895 1642 dicat:
923 1613 1042 1642 mare
1070 1605 1226 1656 patens
1252 1598 1298 1641 in
1328 1614 1415 1654 quo
1444 1614 1597 1644 cursus
1627 1615 1793 1656 pronus
1822 1614 1873 1643 ac
1902 1600 2019 1642 celer
2048 1598 2142 1642 sine
2172 1598 2484 1653 impedimento
2514 1599 2575 1641 fit.

389 1667 584 1711 Marium
614 1666 686 1709 vel
716 1663 849 1710 maris
878 1666 956 1709 alti
985 1671 1133 1723 partes
1158 1665 1375 1721 sustinent
1411 1667 1541 1709 etiam
1574 1667 1686 1710 alta
1715 1668 1809 1711 sine
1840 1667 2015 1710 nomine
2051 1665 2326 1709 substantivo
2355 1671 2573 1721 usurpata.

387 1734 452 1790 II,
469 1734 572 1778 203:
602 1733 750 1788 „Ecce
780 1740 926 1776 autem
957 1733 1120 1790 gemini
1145 1746 1174 1776 a
1200 1730 1380 1777 Tenedo
1409 1734 1647 1790 tranquilla
1681 1749 1761 1791 per
1791 1735 1880 1777 alta
1907 1759 1961 1766 —
1993 1746 2162 1789 angues
2192 1732 2459 1774 Incumbunt
2496 1746 2572 1788 pe-

386 1803 537 1860 lago.“
595 1798 740 1855 Quem
779 1815 907 1844 usum
936 1799 1193 1859 Wagnerus
1235 1800 1504 1844 rarissimum
1542 1802 1695 1855 habet,
1730 1801 1979 1845 Ladevicus
2018 1800 2226 1857 hoc-uno
2254 1800 2435 1842 fortasse
2473 1800 2571 1842 loco

388 1869 580 1912 obvium.
639 1868 865 1910 Invenitur
892 1874 1034 1910 autem
1064 1873 1290 1924 praeterea
1318 1867 1547 1922 V11,-362=
1576 1869 1704 1923 „Nec
1731 1869 1881 1910 matris
1902 1868 2092 1922 miseret,
2122 1882 2253 1922 quam
2284 1867 2425 1923 primo
2447 1868 2573 1923 aqui-

385 1936 488 1978 lone
520 1935 739 1990 relinquet
766 1933 969 1976 Perfidus
989 1934 1078 1976 alta
1103 1940 1258 1991 petens
1285 1933 1475 1976 abducta
1496 1936 1666 1992 virgine
1694 1934 1915 1991 praedo?“
1964 1934 2098 1987 VIII,
2115 1935 2217 1975 691:
2247 1934 2382 1987 „Alta
2402 1940 2572 1989 petunt,

386 2002 548 2059 pelago
586 2001 740 2045 credas
775 2001 928 2044 innare
965 2001 1160 2045 revolsas
1197 1999 1458 2058 Cycladas.“
1516 2001 1602 2056 IX,
1626 2003 1700 2045 81:
1740 2001 1986 2057 „Tempore
2030 2016 2118 2057 quo
2156 2001 2342 2056 primum
2376 1999 2573 2057 Phrygia

384 2068 601 2112 formabat
630 2068 676 2110 in
702 2067 783 2111 Ida
813 2068 985 2111 Aeneas
1015 2067 1197 2132 classem
1224 2073 1270 2115 ct
1297 2067 1446 2125 pelagi
1477 2074 1625 2124 petere
1654 2068 1744 2111 alta
1774 2069 2001 2124 parabat.“
2060 2068 2264 2111 Fortasse
2295 2068 2424 2110 etiam
2456 2066 2513 2110 G.
2531 2067 2570 2121 Ι,

388 2137 492 2191 142,
537 2136 591 2180 de
628 2150 715 2191 quo
751 2135 850 2178 loco
885 2134 1037 2180 videas
1069 2133 1263 2180 Hanovii
1297 2135 1445 2180 sched.
1474 2135 1572 2179 crit.
1603 2151 1705 2193 pag.
1724 2137 1763 2179 3.
1799 2164 1846 2169 ψ
1880 2134 2008 2189 Quae
2037 2141 2205 2180 restant
2241 2134 2373 2178 verba
2400 2134 2571 2189 similia,

383 2205 446 2247 ita
479 2219 525 2248 se
555 2203 738 2257 habent,
775 2209 826 2246 ut
861 2202 967 2245 novi
1004 2201 1174 2259 aliquid
1200 2202 1361 2262 plurali
1391 2218 1480 2246 non
1518 2203 1747 2247 videantur
1777 2204 2093 2260 adsumpsisse,
2125 2204 2210 2246 nisi
2247 2202 2368 2257 quod
2397 2203 2442 2245 in
2472 2202 2570 2244 uni-

385 2286 561 2316 versum
590 2270 779 2313 vividior
814 2270 1134 2327 excitatiorque
1168 2269 1371 2317 redditur
1399 2271 1542 2325 notio,
1579 2277 1628 2313 ut
1657 2271 1782 2314 decet
1811 2272 2100 2314 elocutionem
2131 2271 2359 2327 poeticam.
2419 2268 2569 2323 Quare

382 2339 642 2396 simpliciter
674 2352 725 2381 ea
750 2352 1027 2383 enumerasse
1055 2337 1161 2382 satis
1188 2336 1339 2381 habeo.
1388 2339 1445 2380 A.
1463 2338 1501 2392 Ι,
1518 2339 1620 2382 557:
1650 2340 1743 2394 „At
1771 2330 1911 2381 fre-ta
1939 2338 2138 2383 Sicaniae
2158 2339 2328 2393 saltem,
2357 2336 2568 2394 sedesque

382 2413 558 2465 paratas
589 2432 644 2439 —
675 2409 921 2462 petamus.“
978 2404 1165 2460 11‚312=
1190 2402 1353 2464 „Sigea
1381 2406 1476 2464 igni
1504 2407 1618 2448 freta
1646 2408 1734 2448 lata
1763 2406 2000 2448 relucent.“
2057 2404 2115 2447 G.
2132 2406 2311 2460 11,164:
2343 2405 2567 2463 „Tyrrhe-

382 2488 557 2529 nusque
586 2472 710 2515 fretis
738 2472 989 2516 immittitur
1018 2479 1166 2517 aestus
1196 2473 1432 2516 Avernis.“
1491 2475 1546 2514 A.
1571 2473 1658 2527 III,
1682 2474 1785 2515 386:
1815 2473 1908 2528 „Et
1938 2474 2042 2517 salis
2071 2473 2259 2517 Ausonii
2288 2471 2568 2515 lustrandum

382 2540 569 2584 navibus
597 2555 763 2596 aequor
781 2539 1035 2595 Infernique
1061 2539 1258 2585 lacus.“
1305 2540 1410 2582 442:
1440 2540 1575 2595 „Huc
1596 2539 1672 2583 ubi
1703 2540 1873 2584 delatus
1894 2540 2129 2585 Cumaeam
2159 2540 2392 2585 accesseris
2412 2539 2566 2583 urbem

382 2608 657 2664 Divinosque
687 2608 850 2652 lacus.“
909 2606 1114 2663 VI‚134=
1150 2607 1218 2664 „si
1247 2614 1374 2652 tanta
1403 2608 1567 2666 cupido
1591 2608 1671 2652 Bis
1703 2608 1885 2667 Stygios
1921 2610 2071 2653 innare
2100 2610 2221 2653 lacus
2251 2609 2316 2652 bis
2346 2608 2474 2665 nigra
2501 2608 2566 2650 vi-

381 2675 489 2722 dere
508 2674 728 2719 Tartara“
757 2680 840 2719 cet.
882 2674 1015 2730 VIII,
1031 2675 1137 2720 296.
1166 2672 1263 2732 „Te
1291 2674 1437 2735 Stygii
1466 2682 1679 2720 tremuere
1709 2676 1872 2721 lacus.“
1930 2676 2035 2730 VII,
2052 2677 2154 2719 760:
2182 2676 2277 2730 „Te
2298 2690 2450 2719 nemus
2472 2676 2564 2718 An-

370 2743 564 2810 ‚gitise,
575 2743 718 2788 vitrea
745 2749 790 2787 te
818 2743 1016 2788 Fucinus
1046 2741 1187 2813 unde,
1221 2741 1292 2797 Te
1310 2743 1346 2787 Ji
1380 2743 1472 2788 uidi
1500 2744 1659 2788 flevere
1687 2745 1822 2789 lacus
1826 2749 1855 2771 “
1912 2744 1994 2798 VI,
2016 2744 2117 2787 323·
2147 2743 2338 2802 „Cocyti
2372 2749 2565 2801 stagna

364 2812 491 2875 ,alta
496 2810 636 2853 vides
648 2808 940 2874 Stygiamque
969 2803 1222 2868 paludem.²⁸⁸
1276 2810 1368 2854 VII
1393 2813 1533 2867 ,.713
1564 2813 1746 2868 „Nilum
1768 2839 1821 2846 —
1842 2819 2067 2856 vocantem
2098 2812 2403 2855 Caeruleum
2391 2828 2437 2854 in
2462 2827 2563 2868 gre—

366 2878 537 2931 ,mium
558 2863 866 2934 latebrosaque
908 2878 1132 2928 flumina
1165 2877 1360 2928 -victos.“
1416 2879 1503 2933 IX,
1527 2881 1631 2923 585.
1667 2880 1919 2934 „Eductam
1964 2881 2124 2923 Matris
2166 2880 2268 2923 luco
2311 2879 2563 2938 Symaethia
